1737 2734
61 844 99 867 10

122 116 193 172 xx]
514 121 675 160 ΠΡΟΣ
723 122 1059 160 AEHTINHN

120 228 216 267 ἴσως
242 226 519 277 γιγνώσκεται·
553 225 645 266 ἀλλ’
665 225 782 266 ἐκεῖν’
804 224 853 266 ἂν
874 226 1033 277 ἐροίμην
1053 224 1176 275 ἡδέως
1196 225 1328 270 αὐτόν,
1350 225 1456 266 τίνος

121 294 263 337 εἵνεκα,
291 294 324 332 εἰ
349 294 397 332 τὰ
421 292 600 342 μάλιστα
628 292 680 343 μὴ
707 294 811 334 τινὲς
842 294 949 332 ἀλλὰ
978 291 1123 334 πάντες
1154 290 1258 341 ἦσαν
1287 290 1454 342 ἀνάξιοι,

119 363 197 399 τῶν
223 359 348 399 αὐτῶν
372 358 545 410 ἠξίωσεν
577 361 676 410 ὑμᾶς
708 376 751 400 τε
783 359 846 399 καὶ
877 360 1052 401 τούτους.
1124 360 1165 398 ἐν
1197 361 1271 409 μὲν
1303 360 1378 410 γὰρ
1402 363 1456 412 τῷ

120 425 275 478 γράψαι
314 425 473 476 ’μηδέν’
512 425 612 466 εἶναι
648 426 798 475 ἀτελῆ,’
832 426 923 467 τοὺς
957 427 1124 479 ἔχοντας
1157 425 1350 477 ἀφείλετο
1383 425 1456 474 τὴν

120 492 315 538 ἀτέλειαν,
352 494 395 532 ἐν
433 495 474 533 δὲ
513 496 565 547 τῷ
601 492 864 545 προσγράψαι
899 495 1020 543 ’μηδὲ
1056 496 1098 532 τὸ
1132 491 1276 532 λοιπὸν
1309 490 1457 542 ἐξεῖναι

119 558 280 605 ὃοῦναι,’
319 560 418 609 ὑμᾶς
453 559 498 600 τὸ
535 562 670 600 δοῦναι
705 561 796 610 ὑμῖν
833 558 989 609 ἐξεῖναι.
1061 559 1106 599 οὐ
1143 560 1218 610 γὰρ
1254 559 1383 598 ἐκεῖνό
1418 558 1455 610 γ’

118 626 275 666 ἔνεστιν
310 627 448 671 εἰπεῖν,
482 626 534 667 ὡς
567 630 635 666 τὸν
667 626 784 666 αὐτὸν
816 627 977 678 τρόπον,
1011 627 1131 677 ὅνπερ
1165 625 1256 667 τοὺς
1289 625 1456 678 ἔχοντας

118 689 340 745 [ἀφείλετο]
380 692 453 743 τὴν
492 695 656 744 δωρειὰν
693 691 876 743 ἀναξίους
915 693 1108 744 ἐνόμιζεν,
1147 693 1248 732 οὕτω
1288 693 1351 732 καὶ
1387 692 1456 732 τὸν

119 761 241 810 δῆμον
267 758 431 810 ἀνάξιον
454 760 588 812 ἡγεῖτο
616 761 748 812 κύριον
774 759 874 800 εἶναι
898 763 967 799 τοῦ
997 762 1142 804 δοῦναι,
1170 759 1239 799 ἐάν
1269 776 1321 812 τῳ
1356 759 1453 809 βού-

119 833 250 876 ληται.
322 828 429 867 ἀλλὰ
462 826 508 876 νὴ
536 826 600 866 Δι’
627 826 743 867 ἐκεῖν’
768 825 816 866 ἂν
849 827 948 868 ἴσως
977 828 1080 867 εἴποι
1110 825 1206 877 πρὸς
1235 829 1368 871 ταῦτα,
1395 827 1456 866 ὅτι

120 896 184 933 διὰ
203 897 246 933 τὸ
271 894 413 947 ῥᾳδίως
435 892 710 944 ἐξαπατᾶσθαι
729 893 798 934 τὸν
824 895 960 943 δῆμον,
983 894 1047 933 διὸ,
1066 892 1173 932 τοῦθ’
1194 893 1318 934 οὕτως
1338 893 1454 943 ἔθηκε

119 960 189 1000 τὸν
215 961 348 1010 νόμον.
408 961 450 1001 τί
478 960 547 1000 οὖν
578 961 720 1001 κωλύει
750 959 865 1000 πάντ’
891 960 1126 1016 ἀφῃρῆσθαι
1159 959 1222 999 καὶ
1245 960 1356 1015 ,ὅλως
1384 959 1455 1009 τὴν

121 1027 328 1068 πολιτείαν
360 1028 459 1078 ὑμᾶς
494 1029 592 1067 κατὰ
625 1031 765 1067 τοῦτον
797 1026 866 1067 τὸν
899 1028 1044 1078 λόγον;
1083 1026 1127 1065 οὐ
1161 1028 1237 1078 γὰρ
1271 1025 1355 1067 ἔστ’
1389 1026 1454 1077 ἐφ’

120 1095 212 1134 ὅτου
236 1093 339 1134 τοῦτ’
364 1094 409 1134 οὐ
433 1094 657 1135 πεπόνθατε
682 1097 762 1134 τῶν
785 1093 958 1139 πάντων,
987 1094 1094 1133 ἀλλὰ
1119 1093 1183 1133 καὶ
1207 1093 1454 1145 ψηφίσματα

64 1177 100 1210 15
121 1163 255 1201 πολλὰ
285 1160 480 1202 πολλάκις
514 1159 828 1211 ἐξαπατηθέντες
861 1158 1222 1213 κεχειροτονήκατε,
1255 1161 1319 1200 καὶ
1352 1176 1450 1210 συμ-

58 1512 98 1535 20

119 1227 269 1280 μάχους
288 1227 359 1278 ἤδη
379 1229 489 1270 τινὰς
514 1228 653 1277 ἥττους
673 1228 760 1268 ἀντὶ
787 1228 1019 1279 κρειττόνων
1046 1226 1251 1277 ἐπείσθηθ’
1271 1225 1450 1271 ἑλέσθαι,

120 1295 182 1334 καὶ
219 1296 323 1336 ὅλως
359 1295 401 1334 ἐν
438 1293 547 1344 οἶμαι
582 1298 751 1336 πολλοῖς
787 1295 846 1336 οἷς
881 1293 1073 1346 πράττετε
1109 1295 1173 1334 καὶ
1205 1294 1384 1334 τοιοῦτόν
1415 1310 1452 1333 τι

118 1362 359 1412 συμβαίνειν
395 1360 561 1413 ἀνάγκη.
631 1360 691 1413 ἆρ’
727 1361 796 1401 οὖν
833 1361 1038 1411 θησόμεθα
1075 1361 1198 1411 νόμον
1234 1362 1297 1400 διὰ
1331 1363 1453 1400 ταῦτα

119 1429 128 1444 ‘
145 1430 244 1478 μηδὲ
268 1427 312 1468 τὸ
337 1428 481 1468 λοιπὸν
507 1427 653 1479 ἐξεῖναι
670 1433 717 1484 τῇ
742 1432 873 1485 βουλῇ
897 1430 995 1478 μηδὲ
1019 1431 1072 1482 τῷ
1098 1426 1206 1481 δήμῳ
1231 1426 1328 1478 μήτε
1355 1443 1449 1479 προ-

116 1495 328 1545 βουλεύειν
351 1494 449 1546 μήτε
476 1499 718 1549 χειροτονεῖν
747 1494 889 1545 μηδέν;
906 1494 916 1508 ’
953 1495 1032 1547 ἐγὼ
1055 1496 1129 1545 μὲν
1153 1493 1223 1534 οὐκ
1248 1494 1370 1545 οἶμαι·
1408 1494 1453 1534 οὐ

115 1561 191 1613 γάρ
225 1563 349 1612 ἐσμεν
380 1562 645 1614 ἀφαιρεθῆναι
675 1563 818 1602 δίκαιοι
848 1562 937 1614 περὶ
966 1562 1021 1602 ὧν
1049 1560 1097 1601 ἂν
1129 1559 1449 1612 ἐξαπατηθῶμεν,

115 1628 223 1668 ἀλλὰ
248 1631 482 1683 διδαχθῆναι
502 1632 585 1671 πῶς
604 1632 720 1669 τοῦτο
743 1627 795 1679 μὴ
817 1628 1050 1680 πεισόμεθα,
1073 1629 1135 1668 καὶ
1162 1627 1304 1668 θέσθαι
1328 1629 1450 1679 νόμον

115 1694 189 1748 οὐχ
214 1694 256 1737 ὃς
281 1694 550 1748 ἀφαιρήσεται
575 1695 620 1736 τὸ
647 1696 800 1747 κυρίους
824 1695 926 1746 ἡμᾶς
957 1694 1070 1744 εἶναι,
1097 1695 1204 1735 ἀλλὰ
1234 1694 1282 1734 δι’
1307 1694 1352 1734 οὗ
1381 1695 1450 1735 τὸν

114 1760 370 1812 ἐξαπατῶντα
395 1763 715 1815 τιμωρησόμεθα.

182 1830 232 1869 Εἰ
270 1829 402 1869 τοίνυν
437 1845 497 1870 τις
533 1828 655 1871 ἐάσας
690 1828 797 1869 ταῦτ’
834 1828 928 1870 αὐτὸ
965 1828 1050 1869 καθ’
1086 1828 1169 1870 αὕτ’
1206 1827 1446 1880 ἐξετάσειεν,

115 1895 283 1947 πότερόν
314 1913 409 1936 ποτε
440 1895 776 1948 λυσιτελέστερόν
809 1897 898 1936 ἐστι
929 1897 1078 1948 κυρίους
1109 1898 1183 1947 μὲν
1214 1897 1315 1947 ὑμᾶς
1347 1895 1447 1936 εἶναι

113 1964 183 2012 τῆς
208 1965 382 2015 δωρειᾶς,
408 1962 726 2013 ἐξαπατηθέντας
751 1962 795 2003 δέ
823 1980 861 2003 τι
890 1964 953 2003 καὶ
978 1964 1120 2017 φαύλῳ
1149 1963 1226 2003 τινὶ
1249 1965 1396 2008 δοῦναι,
1423 1961 1446 2012 ἦ

115 2030 178 2068 διὰ
198 2033 266 2069 τοῦ
283 2033 489 2071 παντελῶς
515 2029 679 2081 ἀκύρους
704 2029 893 2081 γενέσθαι
916 2029 1005 2080 μηδ’
1024 2028 1073 2069 ἂν
1098 2028 1209 2080 ἄξιόν
1234 2028 1308 2069 τιν’
1327 2031 1444 2079 εἰδῆτ’

115 2094 260 2146 ἐξεῖναι
284 2098 460 2146 τιμῆσαι,
488 2095 628 2148 εὕροιτ’
648 2095 696 2136 ἂν
724 2099 882 2147 μᾶλλον
913 2098 1039 2136 ἐκεῖνο
1068 2099 1320 2136 λυσιτελοῦν.
1381 2099 1445 2136 δια

156 2206 177 2234 6
202 2207 273 2243 ὑμῖν
290 2207 404 2245 ἐξεῖναι
421 2204 502 2235 secl.
524 2204 558 2234 F.
576 2204 617 2235 A.
637 2204 736 2235 Wolf
898 2214 915 2244 7
941 2205 1033 2237 ἔστιν
1049 2205 1080 2235 Α
1243 2206 1263 2235 8
1288 2206 1444 2246 ἀφείλετο

112 2247 178 2278 del.
196 2258 237 2279 m.
258 2253 325 2279 ant.
345 2249 378 2278 in
397 2248 421 2279 S
513 2247 656 2288 ἐνόμιζεν
673 2249 697 2279 S
711 2248 736 2278 L
748 2248 778 2278 A
791 2247 820 2278 Y
833 2247 883 2280 O:
910 2248 1045 2288 νομίζων
1062 2249 1088 2279 F
1226 2260 1247 2288 9
1271 2250 1312 2280 τὰ
1330 2251 1444 2281 ἑαυτοῦ

114 2297 191 2330 post
208 2294 314 2324 δοῦναι
331 2291 408 2322 add.
423 2291 511 2330 vulg.
528 2303 535 2322 :
560 2301 624 2322 om·
644 2292 668 2322 S
682 2291 717 2322 L¹
730 2291 761 2321 A
877 2302 915 2322 10
939 2294 988 2323 ὅτι
1006 2293 1055 2323 διὰ
1071 2292 1125 2331 rb]
1145 2293 1196 2323 διὰ
1210 2294 1273 2334 ’γὰρ
1289 2294 1326 2323 τὸ
1346 2292 1443 2323 Blass

112 2333 254 2365 Aristid.
270 2335 291 2365 ii
303 2336 366 2374 657
381 2340 518 2366 secutus
612 2345 649 2373 14
675 2337 751 2367 ὅτου
765 2335 788 2366 S
803 2335 828 2365 P
842 2334 867 2365 L
880 2345 968 2366 corr.
983 2347 989 2366 ι
1016 2336 1079 2375 ὅτῳ
1094 2335 1233 2374 L1x‘ulg.
1325 2345 1366 2373 23
1383 2337 1443 2373 τῆς

113 2380 230 2419 δωρεᾶς
248 2384 326 2417 post
343 2379 423 2411 εἶναι
439 2379 517 2409 add.
538 2378 563 2408 F
575 2378 603 2408 Y
617 2378 646 2408 O
666 2389 672 2409 :
698 2388 763 2408 om.
786 2378 810 2408 S
824 2379 849 2408 L
861 2378 890 2407 A
1068 2380 1110 2408 26
1134 2391 1213 2410 ποτε
1231 2378 1311 2410 secl.
1333 2378 1443 2409 Cobet

114 2430 153 2459 27
178 2434 210 2453 τι
228 2421 251 2452 S
266 2421 302 2451 L¹
319 2432 325 2452 :
349 2435 428 2454 ποτε
446 2427 524 2453 cett.
545 2421 568 2452 S
585 2434 635 2462 γρ.
769 2422 811 2452 28
835 2424 893 2454 τοῦ
912 2422 935 2452 S
950 2421 977 2452 Y
990 2421 1020 2451 O
1038 2432 1044 2451 z
1068 2424 1106 2453 τὸ
1124 2421 1150 2452 L
1168 2421 1256 2461 vulg.

1487 120 1599 176 [457]

1487 889 1600 943 [458]
