1737 2734
129 866 164 888 10

122 1534 159 1555 20

120 1866 157 1897 25

190 138 305 193 xx1v]
525 143 684 180 ΚΑΤΑ
731 143 1183 180 ΤΙΜΟΚΡΑΤΟΥΣ

188 247 427 298 κακούργους
453 247 513 286 καὶ
539 246 628 288 τοὺς
654 247 938 298 ἀστρατεύτους
963 249 1031 296 τῆς
1058 246 1244 297 πατρίδος
1269 245 1512 297 ποιούμενος,

187 314 249 353 καὶ
273 315 336 353 διὰ
360 314 521 355 τούτους
547 313 631 353 καθ’
656 314 764 364 ἡμῶν
790 314 911 364 νόμον
935 314 1066 363 τίθης;

254 381 454 430 Βούλομαι
479 381 611 420 τοίνυν
636 382 738 431 ὑμῖν,
766 381 789 420 ἃ
814 381 1051 432 ὑπεσχόμην
1079 381 1120 420 ἐν
1145 381 1250 436 ἀρχῇ
1279 384 1346 419 τοῦ
1375 380 1512 431 λόγου,

185 448 512 498 ἀπολογίσασθαι
543 446 772 497 πεποιηκότ’
799 447 979 497 ἐμαυτόν.
1042 447 1145 498 ἔφην
1179 448 1254 498 γὰρ
1284 446 1402 486 αὐτὸν
1430 446 1512 496 ἐξε-

185 514 342 565 λέγξειν
381 515 478 553 κατὰ
517 513 630 553 πάντ’
668 513 810 566 ἔνοχον
847 515 943 553 ὄντα
981 513 1027 568 τῇ
1065 513 1214 568 γραφῇ,
1252 517 1408 564 πρῶτον
1443 515 1515 563 μὲν

185 582 289 631 παρὰ
313 581 402 621 τοὺς
427 581 571 630 νόμους
595 583 895 630 νομοθετοῦντα,
923 580 1104 631 δεύτερον
1135 579 1167 619 δ’
1192 580 1404 619 ὑπεναντία
1434 582 1514 620 τοῖς

185 648 274 688 οῖ’σι
308 648 443 697 νόμοις
477 648 721 699 γεγραφότα,
748 648 880 698 τρίτον
911 648 951 686 δὲ
982 650 1145 686 τοιαῦτα
1177 645 1227 685 δι’
1252 647 1306 686 ὧν
1339 645 1514 696 βλάπτει

184 713 254 763 τὴν
273 714 404 753 πόλιν.
464 713 603 753 οὐκοῦν
625 713 821 763 ἠκούσατε
840 717 919 753 τῶν
944 713 1088 763 νόμων,
1111 713 1134 752 ἂ
1155 713 1363 752 κελεύουσι
1387 716 1514 753 ποιεῖν

184 784 251 820 τὸν
294 780 453 820 τιθέντα
494 781 616 830 νόμον
660 781 809 820 καινόν·
861 781 924 820 καὶ
967 779 1089 820 πάλιν
1125 780 1225 829 ὑμᾶς
1263 778 1412 829 ἐδίδαξ’
1453 781 1516 820 ὅτι

183 848 331 886 τούτων
375 846 455 886 οὐδ’
499 848 628 887 ὁτιοῦν
671 847 860 897 ἐποίησεν
902 846 1028 888 οὗτος.
1101 847 1163 886 καὶ
1206 845 1283 897 μὴν
1324 847 1514 887 κάκείνων

182 913 344 962 ἠκούετε
372 918 451 953 τῶν
479 915 609 964 νόμων
638 915 696 954 οἷς
726 914 902 955 ἐναντίος
929 912 982 953 ὢν
1009 913 1188 964 ἐφαίνεθ’
1214 914 1234 951 ὁ
1260 914 1410 953 τούτου·
1450 914 1513 953 καὶ

182 980 341 1021 τούτους
360 981 420 1020 ὅτι
441 981 531 1031 πρὶν
551 984 672 1020 λῦσαι
692 981 805 1020 τόνδε
825 980 989 1030 τέθηκεν
1009 981 1243 1020 ἐπίστασθε.
1305 980 1410 1019 ἀλλὰ
1435 979 1513 1030 μὴν

181 1048 241 1086 ὅτι
267 1046 304 1098 γ’
325 1047 393 1086 οὐκ
414 1046 644 1097 ἐπιτήδειος,
673 1047 879 1097 ἀκηκόατε·
911 1047 997 1098 ἄρτι
1019 1048 1092 1098 γὰρ
1111 1046 1244 1098 λέγων
1265 1045 1510 1097 ἐπαυσάμην.

181 1113 320 1153 οὐκοῦν
360 1115 458 1153 κατὰ
496 1112 610 1154 πάντ’
647 1115 774 1154 ἀδικεῖ
808 1117 1002 1165 φανερῶς,
1043 1114 1106 1153 καὶ
1145 1114 1258 1153 οὐδὲν
1293 1112 1380 1153 ἔσθ’
1416 1114 1438 1152 ὅ
1474 1130 1512 1153 τι

181 1180 404 1231 φροντίσας
428 1179 508 1220 οὐδ’
533 1179 770 1231 εὐλαβηθεὶς
797 1182 994 1232 φαίνεται,
1022 1179 1114 1220 ἀλλ’
1135 1180 1269 1232 ἔμοιγε
1294 1181 1412 1225 δοκεῖ,
1439 1181 1511 1220 κᾶν

181 1248 214 1286 εἰ
247 1250 344 1298 πρὸς
372 1247 524 1287 τούτοις
553 1246 656 1287 ἄλλο
685 1263 722 1286 τι
753 1246 805 1297 μὴ
836 1250 962 1287 ποιεῖν
993 1246 1203 1299 ἐγέγραπτ’
1231 1249 1273 1287 ἐν
1304 1250 1386 1288 τοῖς
1420 1246 1511 1286 οὖσι

181 1315 327 1363 νόμοις,
355 1313 427 1354 κᾶν
450 1317 564 1354 τοῦτο
591 1315 766 1364 ποιῆσαι.

248 1382 511 1434 Πανταχόθεν
548 1383 621 1432 μὲν
662 1382 793 1421 τοίνυν
837 1381 957 1430 δῆλός
996 1380 1082 1420 ἐσθ’
1121 1379 1181 1420 ὅτι
1219 1380 1324 1420 ταῦτ’
1362 1380 1508 1432 ἔγραψ’

181 1448 474 1498 ἐπιβουλεύσας
513 1445 624 1499 [μετὰ
660 1451 728 1487 τοῦ
764 1448 1069 1498 βουλεύσασθαι
1105 1447 1211 1487 ταῦτ’
1248 1445 1410 1498 ἀδικεῖν]
1448 1448 1509 1487 καὶ

179 1514 223 1554 οὐ
257 1515 393 1570 γνώμῃ
424 1515 660 1566 διαμαρτών,
685 1514 863 1565 μάλιστα
892 1514 925 1554 δ’
952 1515 993 1554 ἐκ
1026 1518 1095 1554 τοῦ
1129 1513 1259 1554 πάντα
1290 1513 1359 1554 τὸν
1388 1514 1509 1565 νόμον

178 1582 297 1633 μέχρι
319 1584 389 1631 τῆς
413 1581 586 1631 ὑστάτης
611 1584 823 1632 συλλαβῆς
848 1584 1027 1622 τοιοῦτον
1054 1581 1166 1621 εἶναι·
1204 1581 1294 1621 οὐδὲ
1323 1582 1398 1633 γὰρ
1427 1581 1508 1621 οὐδ’

180 1647 284 1688 ἄκων
310 1649 425 1689 οὐδὲν
449 1649 589 1698 ἔθηκεν
613 1648 738 1699 ὀρθῶς
763 1648 871 1701 ἕχον,
899 1647 978 1688 οὐδ’
1005 1648 1057 1690 ὡς
1089 1649 1179 1699 ὑμῖν
1212 1648 1358 1698 ἔμελλε
1389 1653 1504 1688 λυσι-

178 1714 378 1766 τελήσειν.
438 1719 518 1756 πῶς
543 1715 612 1755 οὖν
630 1715 699 1755 οὐκ
719 1716 820 1757 εἰκὸς
844 1718 978 1765 μισεῖν
999 1715 1062 1754 καὶ
1081 1717 1337 1766 τιμωρεῖσθαι
1355 1718 1506 1759 τοῦτον,

178 1780 290 1822 ὅστις
325 1785 393 1821 τοῦ
427 1784 501 1832 μὲν
537 1784 660 1832 δήμου
696 1781 931 1832 ἠδικημένου
966 1781 1182 1832 ἠμέλησεν,
1216 1783 1315 1832 ὑπὲρ
1352 1784 1393 1822 δὲ
1430 1785 1508 1821 τῶν

178 1847 418 1897 ἠδικηκότων
453 1848 514 1887 καὶ
543 1849 710 1900 ὕστερον
744 1849 1016 1898 ἀδικησόντων
1047 1848 1138 1890 τοὺς
1171 1849 1314 1899 νόμους
1347 1848 1507 1899 ἔθηκεν,·

179 1914 360 1964 θαυμάζω
400 1915 446 1961 δ’,
485 1913 514 1954 ὦ
549 1914 687 1965 ἄνδρες
722 1916 918 1961 δικασταί,
956 1918 1025 1965 τῆς
1061 1916 1259 1956 ἀναιδείας
1295 1914 1425 1960 αὐτοῦ,
1462 1914 1507 1954 τὸ

178 1981 292 2030 ἡνίκα
315 1983 388 2031 μὲν
413 1980 533 2033 ἦρχεν
559 1981 674 2023 αὐτὸς
699 1981 783 2031 μετ’
811 1981 1107 2032 Ἀνδροτίωνος,
1136 1985 1205 2021 τὸν
1230 1981 1345 2021 ἔλεον
1369 1984 1507 2021 τοῦτον

221 2101 240 2120 2
264 2091 352 2129 τίθης
367 2090 390 2121 S
403 2090 432 2120 A
449 2102 456 2120 z
479 2091 576 2124 τιθείς
589 2091 676 2130 vulg.
693 2103 699 2123 :
725 2094 822 2124 τιθεῖς
840 2092 959 2124 Cobet.
973 2091 1011 2122 ef.
1029 2094 1043 2129 ξ
1064 2102 1123 2122 122
1214 2103 1232 2130 4
1250 2091 1506 2132 ἀπολογίσασθαι

180 2133 284 2165 Paris.
313 2135 399 2174 2998
426 2144 525 2171 corn,
555 2134 704 2165 Zonaras
734 2145 764 2174 p.
795 2136 870 2174 266,
901 2135 941 2165 cf.
974 2135 1081 2166 Bekk.
1111 2135 1243 2165 Anecd.
1276 2145 1307 2174 p.
1338 2145 1413 2173 430,
1447 2145 1484 2174 15
1500 2146 1506 2165 :

177 2179 446 2219 ἀπολογήσασθαι
464 2177 489 2209 S
503 2178 592 2216 vulg.
686 2188 698 2208 1
708 2188 720 2208 1
740 2178 875 2216 ἠκούετε
890 2178 913 2208 S
927 2176 966 2208 F²
981 2190 988 2208 ι
1012 2178 1172 2216 ἠκούσατε
1185 2183 1263 2209 cett.
1366 2188 1404 2217 15
1423 2180 1507 2216 ὑμῶν

178 2227 255 2259 post
272 2221 448 2262 φροντίσας
465 2221 539 2252 add.
562 2221 586 2251 F
603 2232 610 2251 z
634 2232 699 2252 om.
718 2221 741 2252 S
754 2221 784 2251 A
796 2221 867 2252 ΥΟ
1020 2231 1055 2260 17
1082 2235 1141 2254 καν
1157 2235 1255 2253 τουτο
1275 2221 1297 2251 S
1317 2221 1350 2251 in
1368 2231 1483 2252 rasura
1499 2232 1506 2251 :

177 2265 236 2295 κᾶν
252 2265 357 2304 τούτῳ
375 2265 406 2294 Α
423 2269 457 2295 et
476 2265 550 2295 sort.
570 2263 606 2294 S1
773 2275 813 2304 19
835 2266 918 2304 μετὰ
935 2289 942 2296 .
963 2289 970 2296 .
987 2286 996 2295 ·
1015 2266 1135 2296 ἀδικεῖν
1150 2265 1229 2295 secl.
1247 2264 1339 2294 Weil
1455 2267 1506 2297 καὶ

177 2312 255 2337 ante
285 2309 368 2346 μετὰ
399 2308 474 2339 add.
509 2308 562 2338 A:
601 2318 664 2338 om.
698 2307 844 2339 SFYO
980 2309 1101 2340 ἀδικεῖν
1133 2307 1220 2338 SF:
1258 2309 1362 2340 ἀδικεῖ
1388 2307 1505 2339 AYO

178 2360 215 2380 21
244 2349 402 2390 ὑστάτης]
421 2351 567 2391 ἐσχάτης
583 2350 614 2381 Α
626 2350 714 2392 Ρ-γρ.
805 2362 846 2391 25
866 2350 934 2392 καὶ]
953 2353 1003 2384 καὶ
1023 2351 1098 2393 ὑπὲρ
1114 2354 1179 2383 τῶν
1191 2349 1222 2381 Α
1311 2360 1351 2390 27
1371 2350 1504 2392 τοῦτον]

177 2406 292 2426 τουτωι
311 2394 334 2425 S
350 2405 356 2424 :
380 2394 484 2426 τούτω
502 2394 587 2425 coni.
607 2394 745 2434 Sauppe

1551 140 1662 195 [734]

1549 388 1614 420 103

1548 862 1612 895 ¹09

1544 1395 1610 1420 110

1542 1926 1601 1951 111
