<?xml version="1.0" encoding="UTF-8"?>
<!DOCTYPE html PUBLIC "-//W3C//DTD XHTML 1.0 Transitional//EN"
    "http://www.w3.org/TR/xhtml1/DTD/xhtml1-transitional.dtd">
<html xmlns="http://www.w3.org/1999/xhtml" xml:lang="en" lang="en">
 <head>
  <title>
</title>
<meta http-equiv="Content-Type" content="text/html;charset=utf-8" />
  <meta name='ocr-system' content='tesseract 3.04.00' />
  <meta name='ocr-capabilities' content='ocr_page ocr_carea ocr_par ocr_line ocrx_word'/>
</head>
<body>
  <div class='ocr_page' id='page_1' title='image "./p1orationesrecog02demouoft_0196.png"; bbox 0 0 1737 2734; ppageno 0'>
   <div class='ocr_carea' id='block_1_1' title="bbox 99 149 214 204">
    <p class='ocr_par' dir='ltr' id='par_1_1' title="bbox 99 149 214 204">
     <span class='ocr_line' id='line_1_1' title="bbox 99 149 214 204; baseline 0 0"><span class='ocrx_word' id='word_1_1' title='bbox 99 149 214 204; x_wconf 90' lang='grc'>[655]</span> 
     </span>
    </p>
   </div>
   <div class='ocr_carea' id='block_1_2' title="bbox 97 391 216 445">
    <p class='ocr_par' dir='ltr' id='par_1_2' title="bbox 97 391 216 445">
     <span class='ocr_line' id='line_1_2' title="bbox 97 391 216 445; baseline -0.008 -1"><span class='ocrx_word' id='word_1_2' title='bbox 97 391 216 445; x_wconf 89' lang='grc'>[656]</span> 
     </span>
    </p>
   </div>
   <div class='ocr_carea' id='block_1_3' title="bbox 151 672 213 706">
    <p class='ocr_par' dir='ltr' id='par_1_3' title="bbox 151 672 213 706">
     <span class='ocr_line' id='line_1_3' title="bbox 151 672 213 706; baseline -0.016 -8"><span class='ocrx_word' id='word_1_3' title='bbox 151 672 213 706; x_wconf 88' lang='lat'>107</span> 
     </span>
    </p>
   </div>
   <div class='ocr_carea' id='block_1_4' title="bbox 150 1261 214 1295">
    <p class='ocr_par' dir='ltr' id='par_1_4' title="bbox 150 1261 214 1295">
     <span class='ocr_line' id='line_1_4' title="bbox 150 1261 214 1295; baseline 0.031 -2"><span class='ocrx_word' id='word_1_4' title='bbox 150 1261 214 1295; x_wconf 81' lang='lat'>108</span> 
     </span>
    </p>
   </div>
   <div class='ocr_carea' id='block_1_5' title="bbox 150 1667 214 1703">
    <p class='ocr_par' dir='ltr' id='par_1_5' title="bbox 150 1667 214 1703">
     <span class='ocr_line' id='line_1_5' title="bbox 150 1667 214 1703; baseline 0 0"><span class='ocrx_word' id='word_1_5' title='bbox 150 1667 214 1703; x_wconf 77' lang='lat'>109</span> 
     </span>
    </p>
   </div>
   <div class='ocr_carea' id='block_1_6' title="bbox 98 2121 211 2174">
    <p class='ocr_par' dir='ltr' id='par_1_6' title="bbox 98 2121 211 2174">
     <span class='ocr_line' id='line_1_6' title="bbox 98 2121 211 2174; baseline 0 0"><span class='ocrx_word' id='word_1_6' title='bbox 98 2121 211 2174; x_wconf 87' lang='grc'>[657]</span> 
     </span>
    </p>
   </div>
   <div class='ocr_carea' id='block_1_7' title="bbox 150 2202 216 2227">
    <p class='ocr_par' dir='ltr' id='par_1_7' title="bbox 150 2202 216 2227">
     <span class='ocr_line' id='line_1_7' title="bbox 150 2202 216 2227; baseline 0 0"><span class='ocrx_word' id='word_1_7' title='bbox 150 2202 216 2227; x_wconf 84' lang='lat'>110</span> 
     </span>
    </p>
   </div>
   <div class='ocr_carea' id='block_1_8' title="bbox 1450 147 1460 155">
    <p class='ocr_par' dir='ltr' id='par_1_8' title="bbox 1450 147 1460 155">
     <span class='ocr_line' id='line_1_8' title="bbox 1450 147 1460 155; baseline 0 -3"><span class='ocrx_word' id='word_1_8' title='bbox 1450 147 1460 155; x_wconf 75' lang='grc'>,-</span> 
     </span>
    </p>
   </div>
   <div class='ocr_carea' id='block_1_9' title="bbox 676 151 1572 200">
    <p class='ocr_par' dir='ltr' id='par_1_9' title="bbox 676 151 1572 200">
     <span class='ocr_line' id='line_1_9' title="bbox 676 151 1572 200; baseline 0.001 -12"><span class='ocrx_word' id='word_1_9' title='bbox 676 151 1158 189; x_wconf 76' lang='grc' dir='ltr'>ΔΗΜΟΣΘΕΝΟὙΣ</span> <span class='ocrx_word' id='word_1_10' title='bbox 1450 160 1572 200; x_wconf 69' lang='lat' dir='ltr'>[xxm</span> 
     </span>
    </p>
   </div>
   <div class='ocr_carea' id='block_1_10' title="bbox 244 254 1635 1840">
    <p class='ocr_par' dir='ltr' id='par_1_10' title="bbox 247 254 1609 638">
     <span class='ocr_line' id='line_1_10' title="bbox 247 254 1569 307; baseline 0.002 -13"><span class='ocrx_word' id='word_1_11' title='bbox 247 255 415 304; x_wconf 84' lang='grc' dir='ltr'>νώμεθα,</span> <span class='ocrx_word' id='word_1_12' title='bbox 456 255 682 305; x_wconf 85' lang='grc' dir='ltr'>θαυμαστὸν</span> <span class='ocrx_word' id='word_1_13' title='bbox 724 254 1016 305; x_wconf 74' lang='grc' dir='ltr'>παρεστήσατε,</span> <span class='ocrx_word' id='word_1_14' title='bbox 1059 254 1256 307; x_wconf 82' lang='grc' dir='ltr'>ψήφισμα</span> <span class='ocrx_word' id='word_1_15' title='bbox 1296 255 1569 305; x_wconf 86' lang='grc' dir='ltr'>ποιησάμενοι,</span> 
     </span>
     <span class='ocr_line' id='line_1_11' title="bbox 248 321 1573 372; baseline 0.001 -11"><span class='ocrx_word' id='word_1_16' title='bbox 248 322 316 361; x_wconf 84' lang='grc' dir='ltr'>τὸν</span> <span class='ocrx_word' id='word_1_17' title='bbox 342 322 500 361; x_wconf 86' lang='grc' dir='ltr'>ἐναντία</span> <span class='ocrx_word' id='word_1_18' title='bbox 529 325 610 362; x_wconf 83' lang='grc' dir='ltr'>τοῖς</span> <span class='ocrx_word' id='word_1_19' title='bbox 639 322 728 371; x_wconf 82' lang='grc' dir='ltr'>ὑμῖν</span> <span class='ocrx_word' id='word_1_20' title='bbox 762 321 1015 372; x_wconf 85' lang='grc' dir='ltr'>συμφέρουσι</span> <span class='ocrx_word' id='word_1_21' title='bbox 1050 322 1111 362; x_wconf 85' lang='grc' dir='ltr'>καὶ</span> <span class='ocrx_word' id='word_1_22' title='bbox 1141 322 1233 372; x_wconf 81' lang='grc' dir='ltr'>ἡμῖν</span> <span class='ocrx_word' id='word_1_23' title='bbox 1262 322 1470 372; x_wconf 82' lang='grc' dir='ltr'>πράττοντ’</span> <span class='ocrx_word' id='word_1_24' title='bbox 1504 322 1573 362; x_wconf 85' lang='grc' dir='ltr'>ἐάν</span> 
     </span>
     <span class='ocr_line' id='line_1_12' title="bbox 248 387 1573 443; baseline 0.002 -17"><span class='ocrx_word' id='word_1_25' title='bbox 248 405 305 429; x_wconf 85' lang='grc' dir='ltr'>τις</span> <span class='ocrx_word' id='word_1_26' title='bbox 331 389 555 443; x_wconf 74' lang='grc' dir='ltr'>ἀποκτείνῃ,</span> <span class='ocrx_word' id='word_1_27' title='bbox 583 388 784 439; x_wconf 79' lang='grc' dir='ltr'>ἀγώγιμον</span> <span class='ocrx_word' id='word_1_28' title='bbox 812 387 925 427; x_wconf 78' lang='grc' dir='ltr'>εἶναι·</span> <span class='ocrx_word' id='word_1_29' title='bbox 964 389 1101 428; x_wconf 83' lang='grc' dir='ltr'>οὔκουν</span> <span class='ocrx_word' id='word_1_30' title='bbox 1119 389 1211 428; x_wconf 80' lang='grc' dir='ltr'>ἐστὲ</span> <span class='ocrx_word' id='word_1_31' title='bbox 1237 389 1378 428; x_wconf 77' lang='grc' dir='ltr'>δίκαιοι</span> <span class='ocrx_word' id='word_1_32' title='bbox 1401 389 1573 438; x_wconf 74' lang='grc' dir='ltr'>βοηθοὺς</span> 
     </span>
     <span class='ocr_line' id='line_1_13' title="bbox 250 453 1572 506; baseline 0.002 -13"><span class='ocrx_word' id='word_1_33' title='bbox 250 457 384 494; x_wconf 83' lang='grc' dir='ltr'>καλεῖν</span> <span class='ocrx_word' id='word_1_34' title='bbox 414 454 526 503; x_wconf 78' lang='grc' dir='ltr'>ἡμᾶς,</span> <span class='ocrx_word' id='word_1_35' title='bbox 556 453 619 505; x_wconf 83' lang='grc' dir='ltr'>ἐφ’</span> <span class='ocrx_word' id='word_1_36' title='bbox 651 455 707 495; x_wconf 80' lang='grc' dir='ltr'>οἷς</span> <span class='ocrx_word' id='word_1_37' title='bbox 745 454 806 493; x_wconf 84' lang='grc' dir='ltr'>καὶ</span> <span class='ocrx_word' id='word_1_38' title='bbox 840 456 927 505; x_wconf 80' lang='grc' dir='ltr'>περὶ</span> <span class='ocrx_word' id='word_1_39' title='bbox 958 455 1056 504; x_wconf 78' lang='grc' dir='ltr'>ὑμᾶς</span> <span class='ocrx_word' id='word_1_40' title='bbox 1089 454 1228 496; x_wconf 81' lang='grc' dir='ltr'>αὐτοὺς</span> <span class='ocrx_word' id='word_1_41' title='bbox 1260 455 1321 494; x_wconf 86' lang='grc' dir='ltr'>καὶ</span> <span class='ocrx_word' id='word_1_42' title='bbox 1352 456 1439 506; x_wconf 90' lang='grc' dir='ltr'>περὶ</span> <span class='ocrx_word' id='word_1_43' title='bbox 1472 455 1572 505; x_wconf 75' lang='grc' dir='ltr'>ἡμᾶς</span> 
     </span>
     <span class='ocr_line' id='line_1_14' title="bbox 250 519 1609 572; baseline 0.001 -12"><span class='ocrx_word' id='word_1_44' title='bbox 250 525 373 561; x_wconf 83' lang='grc' dir='ltr'>κακῶς</span> <span class='ocrx_word' id='word_1_45' title='bbox 403 520 733 570; x_wconf 76' lang='grc' dir='ltr'>ε’,3ουλεύσασθε,’</span> <span class='ocrx_word' id='word_1_46' title='bbox 755 519 841 560; x_wconf 83' lang='grc' dir='ltr'>εἰπέ</span> <span class='ocrx_word' id='word_1_47' title='bbox 870 537 948 570; x_wconf 86' lang='grc' dir='ltr'>μοι,</span> <span class='ocrx_word' id='word_1_48' title='bbox 985 520 1092 560; x_wconf 64' lang='grc' dir='ltr'>ταῦτ’</span> <span class='ocrx_word' id='word_1_49' title='bbox 1127 522 1194 561; x_wconf 78' lang='grc' dir='ltr'>ἐὰν</span> <span class='ocrx_word' id='word_1_50' title='bbox 1225 520 1415 572; x_wconf 91' lang='grc' dir='ltr'>λέγωσιν,</span> <span class='ocrx_word' id='word_1_51' title='bbox 1441 521 1486 561; x_wconf 85' lang='grc' dir='ltr'>οὐ</span> <span class='ocrx_word' id='word_1_52' title='bbox 1514 524 1570 561; x_wconf 88' lang='grc' dir='ltr'>ὃι-</span> <span class='ocrx_word' id='word_1_53' title='bbox 1594 541 1609 571; x_wconf 73' lang='lat'>5</span> 
     </span>
     <span class='ocr_line' id='line_1_15' title="bbox 249 586 1056 638; baseline 0 -12"><span class='ocrx_word' id='word_1_54' title='bbox 249 586 413 638; x_wconf 89' lang='grc' dir='ltr'>καιότερ’</span> <span class='ocrx_word' id='word_1_55' title='bbox 440 586 547 637; x_wconf 85' lang='grc' dir='ltr'>ἡμῶν</span> <span class='ocrx_word' id='word_1_56' title='bbox 574 589 748 638; x_wconf 79' lang='grc' dir='ltr'>ἐροῦσιν,·</span> <span class='ocrx_word' id='word_1_57' title='bbox 789 587 908 638; x_wconf 84' lang='grc' dir='ltr'>ἔγωγ’</span> <span class='ocrx_word' id='word_1_58' title='bbox 935 587 1056 637; x_wconf 80' lang='grc' dir='ltr'>οἶμαι.</span> 
     </span>
    </p>

    <p class='ocr_par' dir='ltr' id='par_1_11' title="bbox 244 652 1635 1840">
     <span class='ocr_line' id='line_1_16' title="bbox 315 652 1574 705; baseline 0.003 -13"><span class='ocrx_word' id='word_1_59' title='bbox 315 653 390 693; x_wconf 84' lang='grc' dir='ltr'>Καὶ</span> <span class='ocrx_word' id='word_1_60' title='bbox 415 653 491 703; x_wconf 77' lang='grc' dir='ltr'>μὴν</span> <span class='ocrx_word' id='word_1_61' title='bbox 518 653 595 693; x_wconf 78' lang='grc' dir='ltr'>οὐδ’</span> <span class='ocrx_word' id='word_1_62' title='bbox 627 654 754 693; x_wconf 80' lang='grc' dir='ltr'>ἐκεῖνό</span> <span class='ocrx_word' id='word_1_63' title='bbox 779 653 814 705; x_wconf 81' lang='grc' dir='ltr'>γ’</span> <span class='ocrx_word' id='word_1_64' title='bbox 848 655 958 694; x_wconf 84' lang='grc' dir='ltr'>ἔστιν</span> <span class='ocrx_word' id='word_1_65' title='bbox 987 656 1123 698; x_wconf 78' lang='grc' dir='ltr'>εἰπεῖν,</span> <span class='ocrx_word' id='word_1_66' title='bbox 1151 654 1209 692; x_wconf 82' lang='grc' dir='ltr'>ὅτι</span> <span class='ocrx_word' id='word_1_67' title='bbox 1241 653 1286 703; x_wconf 74' lang='grc' dir='ltr'>νὴ</span> <span class='ocrx_word' id='word_1_68' title='bbox 1323 652 1390 693; x_wconf 84' lang='grc' dir='ltr'>Δί’</span> <span class='ocrx_word' id='word_1_69' title='bbox 1415 654 1574 696; x_wconf 77' lang='grc' dir='ltr'>εἰκότως</span> 
     </span>
     <span class='ocr_line' id='line_1_17' title="bbox 247 720 1573 773; baseline 0 -13"><span class='ocrx_word' id='word_1_70' title='bbox 247 721 536 772; x_wconf 84' lang='grc' dir='ltr'>ἐφενακίσθητε</span> <span class='ocrx_word' id='word_1_71' title='bbox 562 722 623 760; x_wconf 77' lang='grc' dir='ltr'>καὶ</span> <span class='ocrx_word' id='word_1_72' title='bbox 652 720 986 771; x_wconf 85' lang='grc' dir='ltr'>παρεκρούσθητε.</span> <span class='ocrx_word' id='word_1_73' title='bbox 1050 721 1082 760; x_wconf 82' lang='grc' dir='ltr'>εἰ</span> <span class='ocrx_word' id='word_1_74' title='bbox 1102 722 1176 771; x_wconf 74' lang='grc' dir='ltr'>γὰρ</span> <span class='ocrx_word' id='word_1_75' title='bbox 1195 723 1318 770; x_wconf 81' lang='grc' dir='ltr'>μηδὲν</span> <span class='ocrx_word' id='word_1_76' title='bbox 1344 722 1472 773; x_wconf 84' lang='grc' dir='ltr'>εἴχετε</span> <span class='ocrx_word' id='word_1_77' title='bbox 1495 725 1573 761; x_wconf 83' lang='grc' dir='ltr'>τῶν</span> 
     </span>
     <span class='ocr_line' id='line_1_18' title="bbox 247 785 1574 839; baseline 0 -13"><span class='ocrx_word' id='word_1_78' title='bbox 247 786 383 826; x_wconf 83' lang='grc' dir='ltr'>ἄλλων</span> <span class='ocrx_word' id='word_1_79' title='bbox 407 788 666 838; x_wconf 86' lang='grc' dir='ltr'>λογίσασθαι,</span> <span class='ocrx_word' id='word_1_80' title='bbox 699 787 787 837; x_wconf 77' lang='grc' dir='ltr'>μηδ’</span> <span class='ocrx_word' id='word_1_81' title='bbox 815 787 879 839; x_wconf 86' lang='grc' dir='ltr'>ἐφ’</span> <span class='ocrx_word' id='word_1_82' title='bbox 912 788 1018 837; x_wconf 86' lang='grc' dir='ltr'>ὑμῶν</span> <span class='ocrx_word' id='word_1_83' title='bbox 1048 786 1172 826; x_wconf 80' lang='grc' dir='ltr'>αὐτῶν</span> <span class='ocrx_word' id='word_1_84' title='bbox 1203 786 1335 826; x_wconf 77' lang='grc' dir='ltr'>οἷοίτ’</span> <span class='ocrx_word' id='word_1_85' title='bbox 1361 785 1428 836; x_wconf 80' lang='grc' dir='ltr'>ἦτε</span> <span class='ocrx_word' id='word_1_86' title='bbox 1453 790 1574 827; x_wconf 85' lang='grc' dir='ltr'>ταῦτα</span> 
     </span>
     <span class='ocr_line' id='line_1_19' title="bbox 247 852 1633 904; baseline 0.001 -12"><span class='ocrx_word' id='word_1_87' title='bbox 247 857 435 898; x_wconf 81' lang='grc' dir='ltr'>συνεῖναι,</span> <span class='ocrx_word' id='word_1_88' title='bbox 476 852 521 903; x_wconf 79' lang='grc' dir='ltr'>ἦν</span> <span class='ocrx_word' id='word_1_89' title='bbox 559 855 655 893; x_wconf 72' lang='grc' dir='ltr'>ἰδεῖν</span> <span class='ocrx_word' id='word_1_90' title='bbox 692 853 940 904; x_wconf 80' lang='grc' dir='ltr'>παράδειγμα</span> <span class='ocrx_word' id='word_1_91' title='bbox 975 853 1210 895; x_wconf 78' lang='grc' dir='ltr'>Ὀλυνθίους</span> <span class='ocrx_word' id='word_1_92' title='bbox 1242 855 1438 900; x_wconf 88' lang='grc' dir='ltr'>τουτουσί,</span> <span class='ocrx_word' id='word_1_93' title='bbox 1466 854 1503 893; x_wconf 77' lang='grc' dir='ltr'>οἳ</span> <span class='ocrx_word' id='word_1_94' title='bbox 1535 855 1576 894; x_wconf 85' lang='grc' dir='ltr'>τί</span> <span class='ocrx_word' id='word_1_95' title='bbox 1597 873 1633 894; x_wconf 93' lang='lat'>10</span> 
     </span>
     <span class='ocr_line' id='line_1_20' title="bbox 247 920 1574 973; baseline 0.001 -13"><span class='ocrx_word' id='word_1_96' title='bbox 247 920 506 970; x_wconf 80' lang='grc' dir='ltr'>πεποιηκότος</span> <span class='ocrx_word' id='word_1_97' title='bbox 537 920 667 961; x_wconf 81' lang='grc' dir='ltr'>αὐτοῖς</span> <span class='ocrx_word' id='word_1_98' title='bbox 705 922 907 960; x_wconf 82' lang='grc' dir='ltr'>Φιλίππου</span> <span class='ocrx_word' id='word_1_99' title='bbox 942 923 1024 961; x_wconf 79' lang='grc' dir='ltr'>πῶς</span> <span class='ocrx_word' id='word_1_100' title='bbox 1049 920 1150 973; x_wconf 78' lang='grc' dir='ltr'>αὐτῷ</span> <span class='ocrx_word' id='word_1_101' title='bbox 1177 924 1368 972; x_wconf 82' lang='grc' dir='ltr'>χρῶνται;</span> <span class='ocrx_word' id='word_1_102' title='bbox 1425 922 1574 961; x_wconf 81' lang='grc' dir='ltr'>ἐκεῖνος</span> 
     </span>
     <span class='ocr_line' id='line_1_21' title="bbox 247 986 1574 1039; baseline 0 -13"><span class='ocrx_word' id='word_1_103' title='bbox 247 988 409 1028; x_wconf 83' lang='grc' dir='ltr'>ἐκείνοις</span> <span class='ocrx_word' id='word_1_104' title='bbox 427 987 665 1026; x_wconf 79' lang='grc' dir='ltr'>Ποτείδαιαν</span> <span class='ocrx_word' id='word_1_105' title='bbox 683 986 771 1039; x_wconf 79' lang='grc' dir='ltr'>οὐχὶ</span> <span class='ocrx_word' id='word_1_106' title='bbox 788 986 1204 1036; x_wconf 73' lang='grc' dir='ltr'>τηνικαῦτ’ἀπέὸωκεν,</span> <span class='ocrx_word' id='word_1_107' title='bbox 1224 986 1322 1036; x_wconf 85' lang='grc' dir='ltr'>ἡνίκ’</span> <span class='ocrx_word' id='word_1_108' title='bbox 1339 987 1574 1037; x_wconf 80' lang='grc' dir='ltr'>ἀποστερεῖν</span> 
     </span>
     <span class='ocr_line' id='line_1_22' title="bbox 247 1052 1572 1104; baseline 0.001 -12"><span class='ocrx_word' id='word_1_109' title='bbox 247 1053 374 1093; x_wconf 79' lang='grc' dir='ltr'>οὐκέθ’</span> <span class='ocrx_word' id='word_1_110' title='bbox 401 1054 481 1095; x_wconf 80' lang='grc' dir='ltr'>οἶός</span> <span class='ocrx_word' id='word_1_111' title='bbox 513 1053 546 1092; x_wconf 90' lang='grc' dir='ltr'>τ’</span> <span class='ocrx_word' id='word_1_112' title='bbox 578 1053 637 1103; x_wconf 83' lang='grc' dir='ltr'>ἦν,</span> <span class='ocrx_word' id='word_1_113' title='bbox 672 1054 807 1104; x_wconf 81' lang='grc' dir='ltr'>ὥσπερ</span> <span class='ocrx_word' id='word_1_114' title='bbox 832 1055 922 1102; x_wconf 81' lang='grc' dir='ltr'>ὑμῖν</span> <span class='ocrx_word' id='word_1_115' title='bbox 958 1052 1272 1104; x_wconf 79' lang='grc' dir='ltr'>Κερσοβλέπτης</span> <span class='ocrx_word' id='word_1_116' title='bbox 1306 1053 1572 1104; x_wconf 70' lang='grc' dir='ltr'>Χερρόνησον·</span> 
     </span>
     <span class='ocr_line' id='line_1_23' title="bbox 246 1119 1573 1173; baseline 0 -14"><span class='ocrx_word' id='word_1_117' title='bbox 246 1121 353 1160; x_wconf 75' lang='grc' dir='ltr'>ἀλλὰ</span> <span class='ocrx_word' id='word_1_118' title='bbox 386 1120 482 1171; x_wconf 85' lang='grc' dir='ltr'>πρὸς</span> <span class='ocrx_word' id='word_1_119' title='bbox 512 1121 609 1170; x_wconf 74' lang='grc' dir='ltr'>ὑμᾶς</span> <span class='ocrx_word' id='word_1_120' title='bbox 641 1124 826 1170; x_wconf 83' lang='grc' dir='ltr'>πολεμῶν</span> <span class='ocrx_word' id='word_1_121' title='bbox 857 1119 1039 1173; x_wconf 88' lang='grc' dir='ltr'>χρήματα</span> <span class='ocrx_word' id='word_1_122' title='bbox 1070 1119 1188 1159; x_wconf 82' lang='grc' dir='ltr'>πόλλ’</span> <span class='ocrx_word' id='word_1_123' title='bbox 1218 1120 1443 1164; x_wconf 81' lang='grc' dir='ltr'>ἀναλώσας,</span> <span class='ocrx_word' id='word_1_124' title='bbox 1472 1121 1573 1159; x_wconf 79' lang='grc' dir='ltr'>ἑλὼν</span> 
     </span>
     <span class='ocr_line' id='line_1_24' title="bbox 248 1185 1631 1239; baseline 0 -13"><span class='ocrx_word' id='word_1_125' title='bbox 248 1187 309 1226; x_wconf 85' lang='grc' dir='ltr'>καὶ</span> <span class='ocrx_word' id='word_1_126' title='bbox 336 1187 511 1236; x_wconf 76' lang='grc' dir='ltr'>δυνηθεὶς</span> <span class='ocrx_word' id='word_1_127' title='bbox 537 1187 584 1226; x_wconf 80' lang='grc' dir='ltr'>ἂν</span> <span class='ocrx_word' id='word_1_128' title='bbox 606 1186 721 1228; x_wconf 76' lang='grc' dir='ltr'>αὐτὸς</span> <span class='ocrx_word' id='word_1_129' title='bbox 743 1187 863 1239; x_wconf 81' lang='grc' dir='ltr'>ἔχειν,</span> <span class='ocrx_word' id='word_1_130' title='bbox 887 1188 996 1238; x_wconf 84' lang='grc' dir='ltr'>εἴπερ</span> <span class='ocrx_word' id='word_1_131' title='bbox 1021 1185 1236 1236; x_wconf 61' lang='grc' dir='ltr'>ἐβουλήθη,</span> <span class='ocrx_word' id='word_1_132' title='bbox 1265 1186 1489 1237; x_wconf 82' lang='grc' dir='ltr'>παρέδωκεν</span> <span class='ocrx_word' id='word_1_133' title='bbox 1510 1187 1573 1226; x_wconf 87' lang='grc' dir='ltr'>καὶ</span> <span class='ocrx_word' id='word_1_134' title='bbox 1597 1205 1631 1237; x_wconf 78' lang='lat'>15</span> 
     </span>
     <span class='ocr_line' id='line_1_25' title="bbox 246 1253 1570 1306; baseline 0 -13"><span class='ocrx_word' id='word_1_135' title='bbox 246 1253 325 1294; x_wconf 81' lang='grc' dir='ltr'>οὐδ’</span> <span class='ocrx_word' id='word_1_136' title='bbox 362 1255 624 1306; x_wconf 73' lang='grc' dir='ltr'>ἐπεχείρησεν</span> <span class='ocrx_word' id='word_1_137' title='bbox 661 1253 764 1293; x_wconf 76' lang='grc' dir='ltr'>ἄλλο</span> <span class='ocrx_word' id='word_1_138' title='bbox 802 1257 927 1293; x_wconf 80' lang='grc' dir='ltr'>ποιεῖν</span> <span class='ocrx_word' id='word_1_139' title='bbox 959 1253 1087 1293; x_wconf 77' lang='grc' dir='ltr'>οὐδέν.</span> <span class='ocrx_word' id='word_1_140' title='bbox 1159 1253 1250 1293; x_wconf 81' lang='grc' dir='ltr'>ἀλλ’</span> <span class='ocrx_word' id='word_1_141' title='bbox 1283 1254 1388 1303; x_wconf 85' lang='grc' dir='ltr'>ὅμως</span> <span class='ocrx_word' id='word_1_142' title='bbox 1414 1255 1570 1298; x_wconf 83' lang='grc' dir='ltr'>ἐκεῖνοι,</span> 
     </span>
     <span class='ocr_line' id='line_1_26' title="bbox 245 1319 1571 1373; baseline 0 -14"><span class='ocrx_word' id='word_1_143' title='bbox 245 1319 340 1362; x_wconf 83' lang='grc' dir='ltr'>τέως</span> <span class='ocrx_word' id='word_1_144' title='bbox 359 1323 430 1371; x_wconf 79' lang='grc' dir='ltr'>μὲν</span> <span class='ocrx_word' id='word_1_145' title='bbox 451 1321 582 1369; x_wconf 82' lang='grc' dir='ltr'>ἑώρων</span> <span class='ocrx_word' id='word_1_146' title='bbox 603 1321 721 1359; x_wconf 79' lang='grc' dir='ltr'>αὐτὸν</span> <span class='ocrx_word' id='word_1_147' title='bbox 743 1324 976 1370; x_wconf 68' lang='grc' dir='ltr'>τηλικοῦτον</span> <span class='ocrx_word' id='word_1_148' title='bbox 995 1321 1132 1369; x_wconf 84' lang='grc' dir='ltr'>ἡλίκος</span> <span class='ocrx_word' id='word_1_149' title='bbox 1151 1319 1205 1360; x_wconf 80' lang='grc' dir='ltr'>ὢν</span> <span class='ocrx_word' id='word_1_150' title='bbox 1222 1320 1361 1361; x_wconf 85' lang='grc' dir='ltr'>πιστὸς</span> <span class='ocrx_word' id='word_1_151' title='bbox 1380 1321 1571 1373; x_wconf 82' lang='grc' dir='ltr'>ὑπῆρχεν,</span> 
     </span>
     <span class='ocr_line' id='line_1_27' title="bbox 245 1386 1573 1440; baseline 0 -14"><span class='ocrx_word' id='word_1_152' title='bbox 245 1387 452 1440; x_wconf 87' lang='grc' dir='ltr'>σύμμαχοί</span> <span class='ocrx_word' id='word_1_153' title='bbox 475 1387 507 1426; x_wconf 90' lang='grc' dir='ltr'>τ’</span> <span class='ocrx_word' id='word_1_154' title='bbox 536 1386 637 1435; x_wconf 76' lang='grc' dir='ltr'>ἦσαν</span> <span class='ocrx_word' id='word_1_155' title='bbox 665 1387 726 1426; x_wconf 84' lang='grc' dir='ltr'>καὶ</span> <span class='ocrx_word' id='word_1_156' title='bbox 753 1387 800 1426; x_wconf 78' lang='grc' dir='ltr'>δι’</span> <span class='ocrx_word' id='word_1_157' title='bbox 827 1389 977 1427; x_wconf 83' lang='grc' dir='ltr'>ἐκεῖνον</span> <span class='ocrx_word' id='word_1_158' title='bbox 1004 1387 1092 1437; x_wconf 79' lang='grc' dir='ltr'>ἡμῖν</span> <span class='ocrx_word' id='word_1_159' title='bbox 1120 1386 1353 1436; x_wconf 81' lang='grc' dir='ltr'>ἐπολέμουν,</span> <span class='ocrx_word' id='word_1_160' title='bbox 1381 1386 1514 1435; x_wconf 74' lang='grc' dir='ltr'>ἐπειδὴ</span> <span class='ocrx_word' id='word_1_161' title='bbox 1541 1386 1573 1426; x_wconf 79' lang='grc' dir='ltr'>δ’</span> 
     </span>
     <span class='ocr_line' id='line_1_28' title="bbox 245 1452 1573 1505; baseline -0.002 -11"><span class='ocrx_word' id='word_1_162' title='bbox 245 1454 348 1494; x_wconf 80' lang='grc' dir='ltr'>εἶδον</span> <span class='ocrx_word' id='word_1_163' title='bbox 383 1455 500 1504; x_wconf 73' lang='grc' dir='ltr'>μείζω</span> <span class='ocrx_word' id='word_1_164' title='bbox 536 1456 604 1503; x_wconf 85' lang='grc' dir='ltr'>τῆς</span> <span class='ocrx_word' id='word_1_165' title='bbox 639 1454 733 1504; x_wconf 81' lang='grc' dir='ltr'>πρὸς</span> <span class='ocrx_word' id='word_1_166' title='bbox 765 1453 903 1496; x_wconf 79' lang='grc' dir='ltr'>αὐτοὺς</span> <span class='ocrx_word' id='word_1_167' title='bbox 934 1455 1105 1494; x_wconf 82' lang='grc' dir='ltr'>πίστεως</span> <span class='ocrx_word' id='word_1_168' title='bbox 1138 1454 1386 1505; x_wconf 84' lang='grc' dir='ltr'>γιγνόμενον,</span> <span class='ocrx_word' id='word_1_169' title='bbox 1416 1452 1573 1493; x_wconf 74' lang='grc' dir='ltr'>τοσοῦτ’</span> 
     </span>
     <span class='ocr_line' id='line_1_29' title="bbox 245 1519 1635 1575; baseline -0.001 -14"><span class='ocrx_word' id='word_1_170' title='bbox 245 1520 440 1574; x_wconf 82' lang='grc' dir='ltr'>ἀπέχουσι</span> <span class='ocrx_word' id='word_1_171' title='bbox 461 1524 529 1560; x_wconf 80' lang='grc' dir='ltr'>τοῦ</span> <span class='ocrx_word' id='word_1_172' title='bbox 549 1521 826 1572; x_wconf 77' lang='grc' dir='ltr'>ψηφίσασθαι,</span> <span class='ocrx_word' id='word_1_173' title='bbox 848 1519 916 1560; x_wconf 87' lang='grc' dir='ltr'>ἐάν</span> <span class='ocrx_word' id='word_1_174' title='bbox 934 1537 990 1561; x_wconf 86' lang='grc' dir='ltr'>τις</span> <span class='ocrx_word' id='word_1_175' title='bbox 1011 1521 1221 1575; x_wconf 81' lang='grc' dir='ltr'>ἀποκτείνῃ</span> <span class='ocrx_word' id='word_1_176' title='bbox 1240 1522 1327 1559; x_wconf 79' lang='grc' dir='ltr'>τινὰ</span> <span class='ocrx_word' id='word_1_177' title='bbox 1347 1524 1424 1559; x_wconf 84' lang='grc' dir='ltr'>τῶν</span> <span class='ocrx_word' id='word_1_178' title='bbox 1440 1520 1573 1573; x_wconf 79' lang='grc' dir='ltr'>ἐκείνῳ</span> <span class='ocrx_word' id='word_1_179' title='bbox 1597 1538 1635 1560; x_wconf 92' lang='lat'>20</span> 
     </span>
     <span class='ocr_line' id='line_1_30' title="bbox 246 1585 1575 1640; baseline -0.002 -13"><span class='ocrx_word' id='word_1_180' title='bbox 246 1588 670 1640; x_wconf 80' lang='grc' dir='ltr'>συγκατεσκευακότων</span> <span class='ocrx_word' id='word_1_181' title='bbox 708 1587 777 1636; x_wconf 74' lang='grc' dir='ltr'>τὴν</span> <span class='ocrx_word' id='word_1_182' title='bbox 810 1586 949 1640; x_wconf 82' lang='grc' dir='ltr'>ἀρχήν,</span> <span class='ocrx_word' id='word_1_183' title='bbox 984 1589 1024 1626; x_wconf 85' lang='grc' dir='ltr'>ἐκ</span> <span class='ocrx_word' id='word_1_184' title='bbox 1057 1590 1134 1626; x_wconf 83' lang='grc' dir='ltr'>τῶν</span> <span class='ocrx_word' id='word_1_185' title='bbox 1171 1589 1319 1627; x_wconf 81' lang='grc' dir='ltr'>ἑαυτῶν</span> <span class='ocrx_word' id='word_1_186' title='bbox 1355 1585 1575 1639; x_wconf 84' lang='grc' dir='ltr'>συμμάχων</span> 
     </span>
     <span class='ocr_line' id='line_1_31' title="bbox 246 1653 1575 1706; baseline -0.002 -12"><span class='ocrx_word' id='word_1_187' title='bbox 246 1655 448 1706; x_wconf 82' lang='grc' dir='ltr'>ἀγώγιμον</span> <span class='ocrx_word' id='word_1_188' title='bbox 475 1654 585 1699; x_wconf 82' lang='grc' dir='ltr'>εἶναι,</span> <span class='ocrx_word' id='word_1_189' title='bbox 616 1653 712 1693; x_wconf 68' lang='grc' dir='ltr'>ὥσθ’</span> <span class='ocrx_word' id='word_1_190' title='bbox 748 1655 856 1703; x_wconf 72' lang='grc' dir='ltr'>ὑμᾶς,</span> <span class='ocrx_word' id='word_1_191' title='bbox 886 1655 950 1695; x_wconf 70' lang='grc' dir='ltr'>οὓς</span> <span class='ocrx_word' id='word_1_192' title='bbox 982 1656 1120 1693; x_wconf 77' lang='grc' dir='ltr'>ἴσασιν</span> <span class='ocrx_word' id='word_1_193' title='bbox 1150 1653 1333 1693; x_wconf 78' lang='grc' dir='ltr'>ἁπάντων</span> <span class='ocrx_word' id='word_1_194' title='bbox 1360 1653 1575 1705; x_wconf 82' lang='grc' dir='ltr'>ἀνθρώπων</span> 
     </span>
     <span class='ocr_line' id='line_1_32' title="bbox 246 1720 1574 1772; baseline -0.001 -12"><span class='ocrx_word' id='word_1_195' title='bbox 246 1721 372 1771; x_wconf 79' lang='grc' dir='ltr'>ἥδιστ’</span> <span class='ocrx_word' id='word_1_196' title='bbox 398 1721 444 1761; x_wconf 80' lang='grc' dir='ltr'>ἂν</span> <span class='ocrx_word' id='word_1_197' title='bbox 474 1722 535 1760; x_wconf 86' lang='grc' dir='ltr'>καὶ</span> <span class='ocrx_word' id='word_1_198' title='bbox 562 1721 653 1762; x_wconf 77' lang='grc' dir='ltr'>τοὺς</span> <span class='ocrx_word' id='word_1_199' title='bbox 688 1722 839 1760; x_wconf 84' lang='grc' dir='ltr'>ἐκείνου</span> <span class='ocrx_word' id='word_1_200' title='bbox 865 1722 1007 1772; x_wconf 79' lang='grc' dir='ltr'>φίλους</span> <span class='ocrx_word' id='word_1_201' title='bbox 1038 1721 1100 1760; x_wconf 86' lang='grc' dir='ltr'>καὶ</span> <span class='ocrx_word' id='word_1_202' title='bbox 1134 1720 1251 1760; x_wconf 79' lang='grc' dir='ltr'>αὐτὸν</span> <span class='ocrx_word' id='word_1_203' title='bbox 1277 1720 1345 1760; x_wconf 84' lang='grc' dir='ltr'>τὸν</span> <span class='ocrx_word' id='word_1_204' title='bbox 1371 1721 1574 1760; x_wconf 83' lang='grc' dir='ltr'>Φίλιππον</span> 
     </span>
     <span class='ocr_line' id='line_1_33' title="bbox 244 1785 1576 1840; baseline -0.001 -12"><span class='ocrx_word' id='word_1_205' title='bbox 244 1789 564 1833; x_wconf 81' lang='grc' dir='ltr'>ἀποκτείναντας,</span> <span class='ocrx_word' id='word_1_206' title='bbox 595 1789 738 1840; x_wconf 85' lang='grc' dir='ltr'>φίλους</span> <span class='ocrx_word' id='word_1_207' title='bbox 769 1789 1015 1837; x_wconf 86' lang='grc' dir='ltr'>πεποίηνται,</span> <span class='ocrx_word' id='word_1_208' title='bbox 1049 1787 1152 1838; x_wconf 80' lang='grc' dir='ltr'>φασὶ</span> <span class='ocrx_word' id='word_1_209' title='bbox 1182 1789 1222 1827; x_wconf 81' lang='grc' dir='ltr'>δὲ</span> <span class='ocrx_word' id='word_1_210' title='bbox 1251 1788 1313 1826; x_wconf 81' lang='grc' dir='ltr'>καὶ</span> <span class='ocrx_word' id='word_1_211' title='bbox 1344 1785 1576 1839; x_wconf 82' lang='grc' dir='ltr'>συμμάχους</span> 
     </span>
    </p>
   </div>
   <div class='ocr_carea' id='block_1_11' title="bbox 594 1854 681 1868">
    <p class='ocr_par' dir='ltr' id='par_1_12' title="bbox 594 1854 681 1868">
     <span class='ocr_line' id='line_1_34' title="bbox 594 1854 681 1868; baseline 0.011 -1"><span class='ocrx_word' id='word_1_212' title='bbox 594 1854 681 1868; x_wconf 48' lang='grc' dir='ltr'>ὢν)</span> 
     </span>
    </p>
   </div>
   <div class='ocr_carea' id='block_1_12' title="bbox 244 1853 1633 2043">
    <p class='ocr_par' dir='ltr' id='par_1_13' title="bbox 244 1853 1633 2043">
     <span class='ocr_line' id='line_1_35' title="bbox 245 1853 1633 1905; baseline -0.002 -10"><span class='ocrx_word' id='word_1_213' title='bbox 245 1855 498 1905; x_wconf 80' lang='grc' dir='ltr'>ποιήσεσθαι.</span> <span class='ocrx_word' id='word_1_214' title='bbox 574 1872 631 1895; x_wconf 89' lang='grc' dir='ltr'>ειτ</span> <span class='ocrx_word' id='word_1_215' title='bbox 685 1855 876 1894; x_wconf 82' lang='grc' dir='ltr'>Ολύνθιοι</span> <span class='ocrx_word' id='word_1_216' title='bbox 903 1856 973 1904; x_wconf 74' lang='grc' dir='ltr'>μὲν</span> <span class='ocrx_word' id='word_1_217' title='bbox 1004 1856 1119 1894; x_wconf 82' lang='grc' dir='ltr'>ἴσασι</span> <span class='ocrx_word' id='word_1_218' title='bbox 1143 1853 1187 1893; x_wconf 83' lang='grc' dir='ltr'>τὸ</span> <span class='ocrx_word' id='word_1_219' title='bbox 1211 1853 1363 1904; x_wconf 85' lang='grc' dir='ltr'>μέλλον</span> <span class='ocrx_word' id='word_1_220' title='bbox 1388 1855 1572 1904; x_wconf 76' lang='grc' dir='ltr'>προορᾶν,</span> <span class='ocrx_word' id='word_1_221' title='bbox 1598 1872 1633 1904; x_wconf 79' lang='lat'>25</span> 
     </span>
     <span class='ocr_line' id='line_1_36' title="bbox 244 1919 1575 1973; baseline -0.003 -11"><span class='ocrx_word' id='word_1_222' title='bbox 244 1923 351 1972; x_wconf 79' lang='grc' dir='ltr'>ὑμεῖς</span> <span class='ocrx_word' id='word_1_223' title='bbox 377 1922 410 1962; x_wconf 78' lang='grc' dir='ltr'>δ’</span> <span class='ocrx_word' id='word_1_224' title='bbox 444 1924 555 1963; x_wconf 76' lang='grc' dir='ltr'>ὄντες</span> <span class='ocrx_word' id='word_1_225' title='bbox 588 1921 791 1971; x_wconf 77' lang='grc' dir='ltr'>Ἀθηναῖοι</span> <span class='ocrx_word' id='word_1_226' title='bbox 818 1921 959 1960; x_wconf 75' lang='grc' dir='ltr'>ταύτὸν</span> <span class='ocrx_word' id='word_1_227' title='bbox 989 1920 1093 1960; x_wconf 66' lang='grc' dir='ltr'>τοῦτ’</span> <span class='ocrx_word' id='word_1_228' title='bbox 1119 1921 1206 1973; x_wconf 71' lang='grc' dir='ltr'>οὐχὶ</span> <span class='ocrx_word' id='word_1_229' title='bbox 1232 1919 1438 1969; x_wconf 84' lang='grc' dir='ltr'>ποιήσετε;</span> <span class='ocrx_word' id='word_1_230' title='bbox 1483 1919 1575 1959; x_wconf 82' lang='grc' dir='ltr'>ἀλλ’</span> 
     </span>
     <span class='ocr_line' id='line_1_37' title="bbox 244 1985 1577 2043; baseline -0.002 -15"><span class='ocrx_word' id='word_1_231' title='bbox 244 1989 413 2042; x_wconf 87' lang='grc' dir='ltr'>αι’σχρόν</span> <span class='ocrx_word' id='word_1_232' title='bbox 434 1989 523 2030; x_wconf 80' lang='grc' dir='ltr'>τοὺς</span> <span class='ocrx_word' id='word_1_233' title='bbox 543 1985 629 2043; x_wconf 65' lang='grc' dir='ltr'>(τῷ)</span> <span class='ocrx_word' id='word_1_234' title='bbox 648 1989 735 2039; x_wconf 86' lang='grc' dir='ltr'>περὶ</span> <span class='ocrx_word' id='word_1_235' title='bbox 755 1987 997 2039; x_wconf 82' lang='grc' dir='ltr'>πραγμάτων</span> <span class='ocrx_word' id='word_1_236' title='bbox 1017 1988 1256 2027; x_wconf 82' lang='grc' dir='ltr'>ἐπίστασθαι</span> <span class='ocrx_word' id='word_1_237' title='bbox 1272 1986 1577 2037; x_wconf 78' lang='grc' dir='ltr'>βουλεύσασθαι</span> 
     </span>
    </p>
   </div>
   <div class='ocr_carea' id='block_1_13' title="bbox 245 2053 1576 2108">
    <p class='ocr_par' dir='ltr' id='par_1_14' title="bbox 245 2053 1576 2108">
     <span class='ocr_line' id='line_1_38' title="bbox 245 2053 1576 2108; baseline -0.001 -14"><span class='ocrx_word' id='word_1_238' title='bbox 245 2058 454 2097; x_wconf 81' lang='grc' dir='ltr'>δοκοῦντας</span> <span class='ocrx_word' id='word_1_239' title='bbox 487 2055 674 2108; x_wconf 86' lang='grc' dir='ltr'>προέχειν</span> <span class='ocrx_word' id='word_1_240' title='bbox 704 2054 822 2105; x_wconf 84' lang='grc' dir='ltr'>ἧττον</span> <span class='ocrx_word' id='word_1_241' title='bbox 853 2054 1075 2094; x_wconf 85' lang='grc' dir='ltr'>Ὀλυνθίων</span> <span class='ocrx_word' id='word_1_242' title='bbox 1108 2054 1152 2093; x_wconf 85' lang='grc' dir='ltr'>τὸ</span> <span class='ocrx_word' id='word_1_243' title='bbox 1188 2053 1392 2106; x_wconf 75' lang='grc' dir='ltr'>συμφέρον</span> <span class='ocrx_word' id='word_1_244' title='bbox 1425 2053 1576 2093; x_wconf 80' lang='grc' dir='ltr'>εἰδότας</span> 
     </span>
    </p>
   </div>
   <div class='ocr_carea' id='block_1_14' title="bbox 246 2123 1637 2379">
    <p class='ocr_par' dir='ltr' id='par_1_15' title="bbox 246 2123 1637 2379">
     <span class='ocr_line' id='line_1_39' title="bbox 246 2123 430 2174; baseline 0.005 -13"><span class='ocrx_word' id='word_1_245' title='bbox 246 2123 430 2174; x_wconf 80' lang='grc' dir='ltr'>ὀφθῆναι.</span> 
     </span>
     <span class='ocr_line' id='line_1_40' title="bbox 314 2186 1637 2238; baseline -0.001 -10"><span class='ocrx_word' id='word_1_246' title='bbox 314 2188 462 2229; x_wconf 82' lang='grc' dir='ltr'>Ἀκούω</span> <span class='ocrx_word' id='word_1_247' title='bbox 490 2189 623 2228; x_wconf 84' lang='grc' dir='ltr'>τοίνυν</span> <span class='ocrx_word' id='word_1_248' title='bbox 649 2188 766 2228; x_wconf 76' lang='grc' dir='ltr'>αὐτὸν</span> <span class='ocrx_word' id='word_1_249' title='bbox 798 2190 859 2228; x_wconf 80' lang='grc' dir='ltr'>καὶ</span> <span class='ocrx_word' id='word_1_250' title='bbox 893 2188 1071 2228; x_wconf 78' lang='grc' dir='ltr'>τοιοῦτόν</span> <span class='ocrx_word' id='word_1_251' title='bbox 1096 2187 1169 2228; x_wconf 85' lang='grc' dir='ltr'>τιν’</span> <span class='ocrx_word' id='word_1_252' title='bbox 1200 2188 1303 2238; x_wconf 82' lang='grc' dir='ltr'>ἐρεῖν</span> <span class='ocrx_word' id='word_1_253' title='bbox 1328 2186 1464 2238; x_wconf 85' lang='grc' dir='ltr'>λόγον,</span> <span class='ocrx_word' id='word_1_254' title='bbox 1493 2186 1577 2226; x_wconf 78' lang='grc' dir='ltr'>οἷον</span> <span class='ocrx_word' id='word_1_255' title='bbox 1597 2207 1637 2236; x_wconf 79' lang='lat'>30</span> 
     </span>
     <span class='ocr_line' id='line_1_41' title="bbox 291 2295 1582 2339; baseline -0.005 -9"><span class='ocrx_word' id='word_1_256' title='bbox 291 2309 307 2336; x_wconf 89' lang='lat'><em>7</em></span> <span class='ocrx_word' id='word_1_257' title='bbox 334 2299 460 2330; x_wconf 76' lang='grc' dir='ltr'>ἔνεστιν</span> <span class='ocrx_word' id='word_1_258' title='bbox 480 2299 510 2329; x_wconf 81' lang='grc' dir='ltr'>Α</span> <span class='ocrx_word' id='word_1_259' title='bbox 639 2308 671 2328; x_wconf 87' lang='grc' dir='ltr'>ΙΙ</span> <span class='ocrx_word' id='word_1_260' title='bbox 701 2298 875 2339; x_wconf 80' lang='grc' dir='ltr'>κέχρηνται</span> <span class='ocrx_word' id='word_1_261' title='bbox 895 2299 925 2327; x_wconf 69' lang='grc' dir='ltr'>Α</span> <span class='ocrx_word' id='word_1_262' title='bbox 1051 2307 1085 2336; x_wconf 85' lang='lat'>17</span> <span class='ocrx_word' id='word_1_263' title='bbox 1111 2296 1190 2328; x_wconf 78' lang='grc' dir='ltr'>τέως</span> <span class='ocrx_word' id='word_1_264' title='bbox 1208 2297 1327 2326; x_wconf 63' lang='lat' dir='ltr'>codd:</span> <span class='ocrx_word' id='word_1_265' title='bbox 1354 2296 1412 2327; x_wconf 79' lang='grc' dir='ltr'>ἕως</span> <span class='ocrx_word' id='word_1_266' title='bbox 1433 2295 1582 2325; x_wconf 78' lang='lat' dir='ltr'>Dindorf</span> 
     </span>
     <span class='ocr_line' id='line_1_42' title="bbox 246 2338 1577 2379; baseline -0.003 -7"><span class='ocrx_word' id='word_1_267' title='bbox 246 2345 438 2379; x_wconf 79' lang='grc' dir='ltr'>τηλικοῦτον</span> <span class='ocrx_word' id='word_1_268' title='bbox 473 2344 569 2374; x_wconf 79' lang='grc' dir='ltr'>αὐτὸν</span> <span class='ocrx_word' id='word_1_269' title='bbox 598 2341 627 2372; x_wconf 91' lang='grc' dir='ltr'>Α</span> <span class='ocrx_word' id='word_1_270' title='bbox 804 2343 855 2373; x_wconf 83' lang='grc' dir='ltr'>καὶ</span> <span class='ocrx_word' id='word_1_271' title='bbox 886 2346 966 2371; x_wconf 83' lang='lat' dir='ltr'>ante</span> <span class='ocrx_word' id='word_1_272' title='bbox 999 2343 1115 2372; x_wconf 78' lang='grc' dir='ltr'>πιστὸς</span> <span class='ocrx_word' id='word_1_273' title='bbox 1147 2340 1224 2371; x_wconf 76' lang='lat' dir='ltr'>add.</span> <span class='ocrx_word' id='word_1_274' title='bbox 1255 2338 1423 2369; x_wconf 81' lang='lat' dir='ltr'>SFYO:</span> <span class='ocrx_word' id='word_1_275' title='bbox 1456 2349 1521 2370; x_wconf 86' lang='lat' dir='ltr'>om.</span> <span class='ocrx_word' id='word_1_276' title='bbox 1547 2338 1577 2368; x_wconf 86' lang='lat' dir='ltr'><strong>A</strong></span> 
     </span>
    </p>
   </div>
   <div class='ocr_carea' id='block_1_15' title="bbox 247 2382 1573 2467">
    <p class='ocr_par' dir='ltr' id='par_1_16' title="bbox 247 2382 1573 2467">
     <span class='ocr_line' id='line_1_43' title="bbox 247 2382 1573 2425; baseline -0.001 -12"><span class='ocrx_word' id='word_1_277' title='bbox 247 2395 286 2422; x_wconf 86' lang='lat'>27</span> <span class='ocrx_word' id='word_1_278' title='bbox 318 2386 391 2417; x_wconf 84' lang='grc' dir='ltr'>τοὺς</span> <span class='ocrx_word' id='word_1_279' title='bbox 416 2389 460 2425; x_wconf 67' lang='grc' dir='ltr'>τῷ</span> <span class='ocrx_word' id='word_1_280' title='bbox 488 2385 532 2416; x_wconf 88' lang='lat' dir='ltr'>H.</span> <span class='ocrx_word' id='word_1_281' title='bbox 553 2385 666 2415; x_wconf 79' lang='lat' dir='ltr'>VVols:</span> <span class='ocrx_word' id='word_1_282' title='bbox 698 2386 771 2417; x_wconf 84' lang='grc' dir='ltr'>τοὺς</span> <span class='ocrx_word' id='word_1_283' title='bbox 797 2385 917 2415; x_wconf 87' lang='lat' dir='ltr'>codd.:</span> <span class='ocrx_word' id='word_1_284' title='bbox 949 2388 992 2425; x_wconf 77' lang='grc' dir='ltr'>τῷ</span> <span class='ocrx_word' id='word_1_285' title='bbox 1019 2384 1118 2414; x_wconf 82' lang='lat' dir='ltr'>Blass</span> <span class='ocrx_word' id='word_1_286' title='bbox 1261 2384 1302 2413; x_wconf 81' lang='lat'>28</span> <span class='ocrx_word' id='word_1_287' title='bbox 1333 2383 1484 2423; x_wconf 82' lang='grc' dir='ltr'>προέχειν</span> <span class='ocrx_word' id='word_1_288' title='bbox 1508 2382 1573 2413; x_wconf 78' lang='lat' dir='ltr'>del.</span> 
     </span>
     <span class='ocr_line' id='line_1_44' title="bbox 247 2428 966 2467; baseline 0 -9"><span class='ocrx_word' id='word_1_289' title='bbox 247 2428 363 2467; x_wconf 81' lang='lat' dir='ltr'>Cobet,</span> <span class='ocrx_word' id='word_1_290' title='bbox 383 2434 514 2458; x_wconf 75' lang='lat' dir='ltr'>servato</span> <span class='ocrx_word' id='word_1_291' title='bbox 533 2430 605 2460; x_wconf 80' lang='grc' dir='ltr'>τοὺς</span> <span class='ocrx_word' id='word_1_292' title='bbox 739 2439 782 2467; x_wconf 84' lang='lat'>30</span> <span class='ocrx_word' id='word_1_293' title='bbox 807 2429 920 2460; x_wconf 74' lang='grc' dir='ltr'>αὐτοὺς</span> <span class='ocrx_word' id='word_1_294' title='bbox 937 2428 966 2458; x_wconf 83' lang='grc' dir='ltr'>Α</span> 
     </span>
    </p>
   </div>
  </div>
 </body>
</html>
