1737 2734
83 816 200 871 [470]

155 883 199 916 43

153 1375 198 1407 44

656 130 1141 172 ΔΗΜΟΣΘΕΝΟὙΣ
1482 126 1551 179 [xx

232 237 377 280 δοῦναι,
413 236 519 275 ἀλλὰ
555 239 607 289 τῷ
645 237 748 286 παρὰ
783 237 958 274 τοιοῦτον
996 234 1129 285 καιρὸν
1167 236 1209 275 ἐν
1246 233 1274 289 ᾧ
1306 236 1367 274 καὶ
1403 239 1480 275 τῶν
1514 236 1555 276 εῧ

233 302 485 341 πεπονθότων
519 302 634 352 ἔργον
665 300 711 350 ἦν
745 302 870 351 εὑρεῖν
903 300 1094 341 ἐθέλοντά
1125 317 1214 341 τινα
1243 303 1296 342 ὧν
1327 301 1555 353 εὐεργέτητο

232 369 468 417 μεμνῆσθαι.
540 368 652 408 οὗτος
681 369 756 419 γὰρ
785 366 894 417 ἁνήρ,
922 367 973 408 ὡς
1001 367 1046 406 τὸ
1075 366 1272 419 ψήφισμα
1297 372 1410 407 τοῦτο
1442 371 1557 418 δηλοῖ

234 433 278 472 τὸ
302 433 381 472 τότ’
407 433 508 487 αὐτῷ
534 433 699 484 γραφέν,
722 437 803 474 τοῖς
823 434 966 473 ἁλοῦσι
990 432 1070 472 τότ’
1094 435 1137 473 ἐν
1157 434 1317 487 Σικελίᾳ
1336 438 1413 474 τῶν
1438 440 1552 474 πολι-

233 503 323 544 τῶν,
351 501 393 539 ἐν
417 500 576 554 τοιαύτῃ
602 505 788 553 συμφορᾷ
814 500 1115 550 καθεστηκόσιν,
1143 500 1261 540 ἔδωκε
1290 503 1389 550 μνᾶς
1413 500 1554 541 ἑκατὸν

235 566 296 605 καὶ
325 569 393 605 τοῦ
424 566 475 616 μὴ
509 570 561 619 τῷ
591 569 692 619 λιμῷ
723 566 873 607 πάντας
908 566 1049 607 αὐτοὺς
1079 567 1293 606 ἀποθανεῖν
1325 567 1554 609 αἰτιώτατος

232 632 402 683 ἐγένετο.
475 633 536 671 καὶ
555 634 653 681 μετὰ
672 635 805 677 ταῦτα,
827 633 1010 682 δοθείσης
1030 633 1210 673 ἀτελείας
1229 633 1331 686 αὐτῷ
1353 634 1414 672 διὰ
1433 637 1554 672 ταῦτα

231 698 321 749 παρ’
347 699 465 748 ὑμῶν,
494 699 595 749 ὁρῶν
621 700 662 738 ἐν
687 702 739 752 τῷ
766 698 927 752 πολέμῳ
952 695 1043 750 [πρὸ
1067 703 1145 738 τῶν
1169 699 1376 749 τριάκοντα
1399 698 1553 751 μικρὸν]

231 765 473 814 σπανίζοντα
508 765 576 805 τὸν
610 768 733 815 δῆμον
765 764 990 818 χρημάτων,
1028 764 1224 805 τάλαντον
1260 766 1403 805 ἔδωκεν
1440 766 1554 807 αὐτὸς

231 831 582 883 ἐπαγγειλάμενος.
643 831 853 883 σκέψασθε
879 831 924 881 δὴ
951 832 1047 883 πρὸς
1073 831 1169 872 Διὸς
1196 832 1258 871 καὶ
1283 834 1394 877 θεῶν,
1417 831 1554 883 ἄνδρες

230 897 444 947 Ἀθηναῖοι,
467 902 548 939 πῶς
573 897 621 937 ἂν
645 897 848 950 ἄνθρωπος
873 901 1030 949 μᾶλλον
1055 897 1226 950 φανερὸς
1250 897 1395 950 γένοιτ’
1419 899 1554 941 εὔνους

230 963 283 1003 ὢν
312 965 413 1014 ὑμῖν,
446 961 467 1013 ἢ
500 969 580 1006 πῶς
610 965 727 1014 ἧττον
761 964 869 1015 ἄξιος
902 966 1145 1014 ἀδικηθῆναι,
1177 962 1199 1014 ἦ
1235 968 1390 1016 πρῶτον
1419 967 1491 1015 μὲν
1521 967 1554 1006 εἰ

230 1031 362 1082 παρὼν
387 1035 439 1085 τῷ
469 1033 537 1080 τῆς
567 1032 722 1073 πόλεως
753 1030 973 1083 ἀτυχήματι
998 1033 1154 1082 μᾶλλον
1186 1032 1317 1072 ἕλοιτο
1346 1031 1436 1073 τοὺς
1461 1032 1551 1072 ἀτυ-

229 1100 397 1149 χοῦντας
437 1098 499 1137 καὶ
535 1097 606 1147 τὴν
643 1100 746 1149 παρὰ
783 1099 932 1138 τούτων
968 1097 1097 1151 χάριν,
1136 1099 1222 1148 ἥτις
1260 1097 1346 1138 ποτ’
1384 1098 1553 1148 ἔμελλεν

230 1164 408 1207 ἔσεσθαι,
436 1161 458 1213 ἦ
483 1164 572 1205 τοὺς
597 1166 639 1204 ἐν
666 1166 800 1219 ἐκείνῳ
827 1168 878 1219 τῷ
905 1166 1036 1218 χρόνῳ
1064 1166 1347 1216 κεκρατηκότας
1375 1165 1436 1204 καὶ
1462 1164 1552 1216 παρ’

229 1231 287 1271 οἷς
318 1230 376 1279 ἧν,
403 1231 584 1283 δεύτερον
609 1231 663 1276 δέ,
691 1231 830 1283 ἑτέραν
857 1233 995 1284 χρείαν
1021 1232 1126 1276 ἰδών,
1155 1233 1187 1271 εἰ
1213 1233 1396 1282 φαίνοιτο
1425 1231 1554 1273 διδοὺς

231 1298 292 1337 καὶ
321 1297 373 1347 μὴ
403 1301 484 1338 πῶς
518 1299 596 1351 ἰδία
625 1300 672 1337 τὰ
706 1300 801 1338 ὄντα
834 1299 962 1339 σώσει
995 1299 1293 1349 προνοούμενος,
1327 1299 1405 1337 ἀλλ
1449 1299 1554 1338 ὅπως

228 1367 305 1403 τῶν
338 1363 532 1415 ὑμετέρων
564 1367 685 1414 μηδὲν
722 1366 862 1406 ἐνδεῶς
899 1364 978 1415 ἕξει
1014 1364 1059 1404 τὸ
1097 1365 1180 1403 καθ’
1213 1365 1343 1403 αὐτόν.
1414 1368 1554 1404 τοῦτον

228 1430 362 1480 μέντοι
382 1431 449 1470 τὸν
466 1435 518 1485 τῷ
538 1433 609 1481 μὲν
626 1432 726 1485 ἔργῳ
748 1433 853 1482 παρὰ
878 1431 969 1473 τοὺς
987 1433 1202 1483 μεγίστους
1230 1431 1383 1482 καιροὺς
1409 1431 1555 1470 οὑτωσὶ

230 1498 341 1536 κοινὰ
376 1499 423 1536 τὰ
453 1499 548 1537 ὅντα
578 1502 631 1551 τῷ
663 1497 770 1551 δήμῳ
807 1497 1055 1549 κεκτημένον,
1087 1501 1141 1551 τῷ
1170 1500 1211 1537 δὲ
1244 1496 1387 1548 ῥήματι
1419 1498 1481 1536 καὶ
1513 1497 1557 1552 τῇ

227 1564 317 1618 τιμῇ
343 1563 414 1613 τὴν
439 1563 622 1604 ἀτέλειαν
654 1565 811 1617 ἔχοντα,
839 1565 927 1618 οὐχὶ
957 1564 1028 1613 τὴν
1059 1563 1242 1604 ἀτέλειαν
1277 1562 1554 1615 ἀφαιρήσεσθε

226 1630 329 1679 (οὐδὲ
355 1632 430 1681 γὰρ
449 1631 549 1686 οὔσῃ
575 1632 776 1683 χρώμενος
802 1630 1011 1682 φαίνεται),
1033 1632 1140 1670 ἀλλὰ
1165 1630 1209 1670 τὸ
1234 1630 1435 1670 πιστεύειν
1452 1631 1553 1679 ὑμῖν,

228 1697 272 1736 οὗ
296 1698 335 1736 τί
356 1696 499 1748 γένοιτ’
519 1698 567 1737 ἂν
587 1699 768 1750 αἵσχιον;
807 1698 851 1737 τὸ
876 1698 1007 1737 τοίνυν
1032 1696 1214 1749 ψήφισμ’
1241 1698 1331 1747 ὑμῖν
1356 1696 1439 1736 αὕτ’
1460 1697 1552 1736 ἀνα-

227 1764 423 1815 γνώσεται
459 1764 502 1803 τὸ
537 1765 625 1804 τότε
662 1766 873 1816 ψηφισθὲν
909 1767 961 1817 τῷ
1000 1764 1123 1815 ἀνδρί.
1200 1763 1263 1802 καὶ
1299 1762 1484 1814 θεωρεῖτ’,
1525 1760 1555 1802 ὦ

226 1829 365 1881 ἄνδρες
395 1831 611 1880 Ἀθηναῖοι,
641 1832 718 1870 ὅσα
747 1830 978 1883 ψηφίσματ’
1007 1830 1129 1881 ἄκυρα
1154 1833 1260 1870 ποιεῖ
1287 1830 1307 1868 ὁ
1332 1830 1463 1880 νόμος,
1493 1830 1555 1869 καὶ

227 1898 332 1938 οἵους
363 1898 589 1947 ἀνθρώπους
620 1899 756 1943 ἀδικεῖ,
795 1899 856 1937 καὶ
887 1899 930 1937 ἐν
964 1897 1114 1937 ὁποίοις
1152 1900 1298 1948 καιροῖς
1333 1897 1555 1949 χρησίμους

227 1964 316 2013 ὑμῖν
337 1965 618 2016 παρασχόντας
636 1964 807 2006 ἑαυτούς·
843 1962 1030 2015 εὑρήσετε
1047 1965 1121 2015 γὰρ
1138 1963 1309 2008 τούτους,
1328 1963 1394 2004 οὓς
1413 1962 1556 2012 ἥκιστα

227 2032 438 2080 προσῆκεν,
459 2031 676 2071 ἀδικοῦντα.
747 2031 855 2082 λέγε.

270 2148 289 2176 3
314 2138 391 2179 ἀνὴρ
412 2138 564 2169 Bekker:
590 2140 667 2179 ἀνὴρ
687 2139 711 2168 L
729 2139 816 2177 vulg.
835 2150 842 2169 ε
867 2152 946 2180 ανηρ
967 2138 1000 2177 S,
1019 2138 1058 2169 cf.
1079 2141 1115 2176 ἐξ
1134 2148 1187 2177 33.
1206 2139 1248 2176 46
1369 2138 1389 2167 8
1413 2141 1458 2178 τῷ
1476 2143 1555 2167 ante

227 2183 286 2219 πρὸ
306 2183 382 2211 add.
400 2182 422 2211 L
441 2183 527 2219 vulg.
545 2194 551 2212 t
578 2194 642 2213 om.
660 2183 695 2212 δ’
710 2183 738 2212 Y
753 2183 782 2213 O
797 2183 822 2212 P
903 2184 962 2223 πρὸ
984 2207 990 2213 .
1011 2207 1016 2213 .
1036 2207 1042 2212 .
1060 2184 1169 2221 μικρὸν
1186 2182 1264 2211 secl.
1279 2180 1368 2211 Weil
1463 2191 1494 2210 11
1517 2182 1555 2212 ἂν

227 2235 292 2255 οῐη.
309 2225 343 2255 S*
358 2225 386 2254 Y
400 2225 441 2257 O,
455 2226 490 2255 cs
509 2227 563 2254 xxi
579 2236 627 2264 77,
645 2236 694 2264 79.
710 2226 792 2256 xxiii
809 2236 864 2264 141
947 2228 1075 2264 μᾶλλον
1092 2235 1154 2255 om.
1171 2226 1203 2255 5¹
1220 2225 1249 2254 Y
1262 2224 1292 2254 O
1307 2224 1333 2254 P
1436 2234 1471 2262 17
1490 2237 1554 2255 πως

229 2268 262 2297 S'
284 2272 384 2304 (corr.
403 2269 490 2299 ead.)¹
511 2269 539 2298 Y
553 2269 606 2299 O:
635 2271 717 2301 ὅπως
738 2271 762 2299 Ι,
778 2270 867 2308 vulg.
1025 2270 1122 2300 σώσει
1143 2269 1189 2298 L:
1215 2269 1317 2305 σώσηι
1336 2267 1402 2298 SA
1419 2267 1453 2297 F¹
1467 2267 1550 2303 ΥΟ,

228 2312 268 2341 cs.
287 2313 342 2341 xxi
362 2314 423 2341 216
562 2313 597 2342 18
622 2312 748 2344 τὸκατ’
767 2313 863 2344 αὐτὸν
880 2312 909 2341 Α
924 2312 949 2342 Ρ
965 2326 1015 2352 γρ.
1040 2312 1156 2352 (Blass
1176 2312 1249 2342 coll.
1269 2312 1276 2340 1
1299 2312 1352 2351 13)
1472 2320 1512 2348 25
1538 2312 1555 2341 ὃ

228 2354 321 2394 νόμος
339 2356 402 2385 del.
423 2355 587 2386 Bensclcr
719 2358 760 2386 26
784 2358 865 2388 οἵους
887 2356 1042 2386 Dobree:
1069 2356 1161 2387 ὅσους
1179 2355 1275 2385 codd.

1580 847 1617 869 10

1578 1179 1613 1210 ¹5

1577 1510 1615 1531 20

1578 1841 1614 1873 25
