1737 2734
105 879 143 900 10

109 1545 148 1566 20

157 153 264 209 xx11]
506 153 635 194 KAT’
678 153 1138 193 ΑΝΔΡΟΤΙΩΝΟΣ
1519 149 1638 204 [595]

155 263 229 313 τὴν
259 261 385 315 ἀρχὴν
418 261 610 312 προσήκει
643 260 731 301 οὐδὲ
762 259 803 300 ἓν
837 257 972 309 δήπου.
1045 258 1150 310 φησὶ
1185 258 1318 298 τοίνυν
1351 258 1489 295 τοῦτον
1519 266 1542 299 6

156 328 315 370 ἁπάσας
351 327 420 368 τὸν
459 329 604 379 τρόπον
644 326 852 379 εἰληφέναι
892 327 962 366 τὰς
1000 324 1166 376 βουλάς,
1206 325 1300 364 ὅσαι
1339 322 1490 363 πώποτ’

157 397 298 449 ἔχουσι
317 394 406 446 παρ’
426 396 534 445 ὑμῶν
560 393 737 445 δωρειάν,
763 394 824 433 καὶ
850 393 937 432 οὐδὲ
963 398 1032 447 μιᾷ
1052 393 1294 444 γεγενῆσθαι
1313 389 1488 442 προβού-

157 469 284 513 λευμα
304 462 474 502 πώποτε.
536 462 614 513 ἐγὼ
635 460 666 500 δ’
687 462 817 510 οἴομαι
841 461 914 510 μὲν
933 459 1022 511 οὐχὶ
1047 458 1182 510 λέγειν
1202 457 1321 497 αὐτὸν
1347 457 1490 506 ἀληθῆ,

158 532 315 580 μᾶλλον
343 528 375 568 δ’
403 528 489 568 οἶδα
517 531 670 579 σαφῶς·
709 527 753 566 οὐ
782 526 859 577 μὴν
885 525 976 565 ἀλλ’
1004 526 1037 564 εἰ
1067 528 1183 564 τοῖτο
1213 522 1355 564 τοιοῦτ’
1382 522 1493 562 ἐστὶν

159 598 208 636 τὰ
238 595 429 647 μάλιστα,
458 596 478 634 ὁ
509 595 628 645 νόμος
660 596 700 634 δὲ
730 592 841 646 λέγει
871 593 1073 637 τάναντία,
1101 591 1174 644 οὐχ
1207 592 1266 631 ὅτι
1298 588 1493 630 πολλάκις

160 662 380 714 ἡμάρτηται
414 660 538 711 δήπου
570 661 777 712 πρότερον,
805 661 868 699 διὰ
901 658 1005 698 τοῦτ’
1031 656 1374 710 ἐπεξαμαρτητέον
1408 656 1494 696 ἐστὶ

162 731 225 770 καὶ
258 733 339 774 νῦν,
367 730 475 768 ἀλλὰ
507 728 736 768 τούναντίον
771 726 948 779 ἀρκτέον,
977 725 1028 766 ὡς
1053 726 1072 764 ὁ
1098 726 1217 775 νόμος
1251 724 1416 769 κελεύει,
1447 724 1496 762 τὰ

161 800 322 836 τοιαῦτα
346 799 474 835 ποιεῖν
500 794 734 847 ἀναγκάζειν
760 793 838 834 ἀπὸ
859 796 932 832 σοῦ
953 792 1124 843 πρώτου.
1185 792 1235 831 σὺ
1261 791 1306 840 δὴ
1332 790 1383 841 μὴ
1409 788 1495 841 λέγ’
1526 804 1545 838 7

163 864 213 904 ὡς
229 862 396 914 γέγονεν
412 866 528 901 τοῦτο
545 860 752 907 πολλάκις,
772 859 863 900 ἀλλ’
881 859 932 900 ὡς
948 861 1047 898 οὕτω
1064 857 1256 910 προσήκει
1272 859 1496 910 γίγνεσθαι.

162 930 208 969 οὐ
232 931 307 980 γὰρ
335 930 370 969 εἴ
397 945 434 968 τι
465 929 622 968 πώποτε
651 927 704 978 μὴ
736 928 833 967 κατὰ
863 926 954 966 τοὺς
984 927 1127 976 νόμους
1158 924 1351 976 ἐπράχθη,
1381 923 1431 963 σὺ
1457 925 1498 963 δὲ

162 995 265 1035 τοῦτ’
289 995 484 1046 ἐμιμήσω,
507 996 570 1034 διὰ
589 994 692 1034 τοῦτ’
712 994 957 1045 ἀποφεύγοις
977 992 1024 1032 ἂν
1044 992 1213 1036 δικαίως,
1234 993 1339 1031 ἀλλὰ
1359 994 1499 1043 πολλῷ

162 1066 321 1113 μᾶλλον
355 1063 552 1101 ἁλίσκοιο·
602 1062 737 1112 ὥσπερ
772 1062 848 1112 γὰρ
882 1061 918 1100 εἴ
952 1076 1008 1100 τις
1044 1060 1205 1098 ἐκείνων
1237 1056 1413 1109 προήλω,
1450 1057 1500 1096 σὺ

200 1129 246 1143 lm,

163 1142 234 1169 ταο
273 1129 340 1168 οὐκ
366 1129 413 1169 ἂν
439 1129 631 1180 ἔγραψας,
654 1129 787 1173 οὕτως,
815 1126 863 1167 ἂν
890 1127 940 1166 σὺ
966 1129 1034 1166 νῦν
1060 1127 1171 1175 δίκην
1197 1127 1285 1179 δῷς,
1308 1124 1432 1165 ἄλλος
1457 1123 1501 1163 οὐ

128 1212 142 1243 ζ
165 1195 330 1249 γράψει.

234 1263 334 1314 Περὶ
359 1263 491 1303 τοίνυν
517 1264 586 1301 τοῦ
610 1262 731 1311 νόμου
755 1264 823 1300 τοῦΙ
848 1258 1058 1312 διαρρήδην
1084 1259 1152 1299 οὐκ
1181 1259 1324 1299 ἐῶντος
1355 1256 1501 1308 ἐξεῖναι
1532 1262 1552 1296 8

165 1329 217 1381 μὴ
244 1328 493 1384 ποιησαμένῃ
519 1329 565 1384 τῇ
589 1328 720 1383 βουλῇ
745 1329 815 1369 τὰς
839 1327 1007 1378 τριήρεις
1033 1327 1196 1376 αἰτῆσαι
1224 1325 1296 1374 τὴν
1322 1323 1500 1376 δωρειάν,

167 1395 279 1447 ἄξιόν
304 1397 414 1436 ἐστιν
441 1397 608 1435 ἀκοῦσαι
633 1394 704 1444 τὴν
732 1395 955 1446 ἀπολογίαν
985 1392 1033 1442 ἣν
1064 1392 1286 1443 ποιήσεται,
1317 1392 1379 1431 καὶ
1404 1393 1498 1430 θεω-

166 1466 286 1515 ρῆσαι
321 1463 392 1512 τὴν
428 1463 631 1502 ἀναίδειαν
668 1465 737 1501 τοῦ
773 1461 921 1513 τρόπου
960 1459 1008 1500 δι’
1047 1461 1102 1500 ὧν
1141 1461 1317 1511 ἐγχειρεῖ
1353 1457 1500 1508 λέγειν.

167 1532 188 1570 ὁ
221 1530 353 1580 νόμος,
382 1531 522 1582 φησίν,
549 1528 617 1568 οὐκ
651 1529 696 1582 ἐᾷ
728 1528 799 1577 τὴν
832 1527 988 1578 βουλὴν
1022 1528 1183 1576 αἰτῆσαι
1216 1525 1287 1574 τὴν
1321 1523 1500 1576 δωρειάν,

168 1598 237 1637 ἐὰν
272 1596 323 1647 μὴ
361 1594 576 1645 ποιήσηται
611 1597 680 1636 τὰς
716 1593 899 1646 τριήρεις·
951 1595 1148 1644 ὁμολογῶ.
1220 1595 1352 1632 δοῦναι
1389 1589 1431 1630 δέ
1466 1589 1502 1641 γ’

168 1663 350 1714 οὐδαμοῦ,
386 1664 503 1715 φησί,
541 1662 684 1702 κωλύει
720 1662 788 1701 τὸν
823 1664 958 1711 δῆμον.
1031 1661 1109 1712 ἐγὼ
1142 1659 1189 1704 δ’,
1222 1660 1255 1698 εἰ
1286 1660 1359 1709 μὲν
1392 1655 1503 1697 ἔδωκ’

169 1730 349 1786 αἰτούσῃ,
371 1731 476 1780 παρὰ
495 1729 564 1769 τὸν
590 1729 712 1779 νόμον
738 1729 886 1779 εἴρηκα·
925 1729 958 1767 εἰ
984 1729 1023 1767 δὲ
1050 1726 1102 1777 μὴ
1123 1726 1340 1775 πεποίημαι
1365 1724 1504 1775 μνείαν

170 1797 257 1849 περὶ
282 1801 360 1836 τῶν
383 1799 482 1836 νεῶν
509 1797 549 1835 ἐν
576 1797 656 1849 ὅλῳ
682 1799 735 1849 τῷ
760 1796 1011 1847 ψηφίσματι,
1035 1793 1126 1833 ἀλλ’
1149 1792 1248 1843 ἕτερ’
1273 1791 1371 1831 ἄττα
1397 1789 1504 1842 λέγω

133 1863 218 1909 ζδι’
253 1864 277 1903 ἃ
309 1863 380 1913 τὴν
414 1862 570 1913 βουλὴν
604 1866 806 1914 στεφανῶ,
838 1865 920 1903 πῶς
952 1862 1059 1912 παρὰ
1090 1859 1159 1899 τὸν
1192 1859 1314 1909 νόμον
1349 1859 1502 1909 εἴρηκα,·
1537 1856 1656 1911 [596]

170 1931 256 1970 ἔστι
282 1929 327 1980 δὴ
354 1929 451 1981 πρὸς
476 1928 581 1968 ταῦτ’
607 1928 652 1968 οὐ
677 1927 858 1981 χαλεπὸν
883 1929 931 1967 τὰ
957 1926 1074 1967 δίκαι’
1094 1928 1185 1977 ὑμῖν
1212 1927 1424 1969 ἀντειπεῖν,
1447 1925 1505 1962 ὅτι
1537 1934 1558 1968 9

171 2000 326 2048 πρῶτον
355 1998 426 2047 μὲν
457 1998 493 2036 οἱ
524 1995 826 2048 προεδρεύοντες
857 1997 925 2045 τῆς
959 1996 1111 2045 βουλῆς
1146 1993 1208 2032 καὶ
1237 1993 1258 2031 ὁ
1287 1990 1393 2031 ταῦτ’
1420 1992 1501 2030 ἐπι-

219 2115 229 2135 l
260 2107 421 2145 προσῆκεν
437 2104 478 2143 A,
500 2105 542 2135 cf.
564 2106 599 2141 ἐξ
619 2114 650 2143 9,
674 2105 722 2143 18,
743 2105 794 2142 58,
815 2114 860 2133 xx
878 2113 897 2142 5
1011 2104 1090 2143 φησὶ
1109 2101 1133 2132 S
1148 2099 1209 2131 L¹:
1234 2101 1332 2141 φήσει
1350 2104 1441 2138 cett.‚
1464 2099 1503 2129 cs.

174 2153 189 2187 ξ
209 2159 246 2178 21
414 2159 432 2178 2
457 2148 581 2180 ἁπάσας
600 2152 677 2187 post
694 2151 812 2179 τοῦτον
829 2148 852 2178 S
867 2148 892 2177 L
908 2159 914 2177 :
940 2151 1018 2177 ante
1035 2149 1153 2177 τοῦτον
1175 2145 1219 2175 F:
1247 2148 1323 2183 post
1339 2143 1459 2184 τρόπον
1475 2142 1504 2171 Α

171 2202 191 2231 3
215 2191 288 2224 οὐδὲ
303 2195 370 2231 μιᾶι
389 2192 412 2222 S
429 2204 436 2222 :
460 2194 590 2233 οὐδεμιᾷ
607 2197 696 2228 cett„
717 2191 757 2223 cf.
777 2194 792 2228 §
812 2202 830 2221 2
931 2201 949 2229 4
975 2191 1079 2228 ἀληθῆ
1096 2189 1138 2227 Α,
1158 2188 1310 2227 Apsines
1326 2188 1400 2226 516,
1421 2196 1503 2224 520:

173 2235 324 2274 ἀλήθειαν
343 2236 366 2266 S
379 2236 405 2265 L
422 2236 509 2273 vulg.
651 2245 754 2273 11—15
780 2237 814 2266 οὐ
830 2235 894 2276 γὰρ
911 2259 918 2265 .
937 2258 943 2264 .
963 2259 969 2264 .
986 2232 1120 2274 γράψει]
1139 2233 1257 2262 eadem
1277 2231 1347 2261 sere
1364 2230 1445 2260 xxiii
1463 2239 1506 2268 99

176 2289 214 2309 12
240 2279 433 2319 ἀποφεύγοις
451 2279 474 2309 S
489 2277 528 2308 L1
541 2278 571 2308 Y
584 2278 613 2309 O
630 2289 635 2308 ἱ
662 2278 838 2318 ἀποφύγοις
855 2277 956 2317 vulg,
976 2277 1016 2308 cf.
1036 2277 1119 2306 xxiii
1136 2286 1180 2315 99
1334 2284 1374 2313 19
1398 2272 1452 2313 δι’]
1474 2275 1507 2313 ἐξ

176 2322 321 2359 Βῡῦῑθθ,
340 2322 447 2353 Cobet
602 2332 638 2351 21
667 2322 703 2354 δέ
717 2321 750 2363 γ’
768 2322 810 2359 Α,
829 2322 869 2352 cs.
888 2321 993 2352 schol.
1012 2331 1045 2359 p.
1064 2322 1138 2358 670,
1159 2328 1222 2357 253
1247 2320 1322 2356 672,
1344 2327 1404 2357 19;
1429 2318 1503 2355 674,

174 2366 216 2395 28
233 2365 365 2404 (Blass‘)
383 2376 390 2395 :
415 2365 449 2397 δὲ
468 2364 491 2395 S
505 2365 530 2395 L
544 2365 609 2394 FY
776 2375 816 2394 22
841 2365 958 2396 κωλύει
974 2363 1003 2394 Α
1021 2375 1027 2393 :
1053 2363 1188 2394 κωλύειν
1205 2362 1228 2392 S
1243 2362 1269 2392 L
1282 2361 1310 2392 Y
1324 2361 1354 2391 O
1478 2359 1505 2391 δ’

175 2410 272 2439 codd.
291 2409 395 2440 schol.
413 2420 419 2438 ε
444 2410 481 2447 δὴ
501 2408 636 2438 Bekker
768 2411 810 2438 26
835 2410 871 2446 δὴ
892 2408 915 2438 S
930 2408 955 2437 L
969 2407 992 2437 F
1007 2407 1034 2436 Y
1048 2407 1098 2438 O:
1125 2406 1160 2438 δὲ
1176 2405 1207 2435 Α
