<?xml version="1.0" encoding="UTF-8"?>
<!DOCTYPE html PUBLIC "-//W3C//DTD XHTML 1.0 Transitional//EN"
    "http://www.w3.org/TR/xhtml1/DTD/xhtml1-transitional.dtd">
<html xmlns="http://www.w3.org/1999/xhtml" xml:lang="en" lang="en">
 <head>
  <title>
</title>
<meta http-equiv="Content-Type" content="text/html;charset=utf-8" />
  <meta name='ocr-system' content='tesseract 3.04.00' />
  <meta name='ocr-capabilities' content='ocr_page ocr_carea ocr_par ocr_line ocrx_word'/>
</head>
<body>
  <div class='ocr_page' id='page_1' title='image "./p1orationesrecog02demouoft_0211.png"; bbox 0 0 1737 2734; ppageno 0'>
   <div class='ocr_carea' id='block_1_1' title="bbox 140 172 1140 216">
    <p class='ocr_par' dir='ltr' id='par_1_1' title="bbox 140 172 1140 216">
     <span class='ocr_line' id='line_1_1' title="bbox 140 172 1140 216; baseline -0.001 -1"><span class='ocrx_word' id='word_1_1' title='bbox 140 172 258 216; x_wconf 68' lang='lat' dir='ltr'>xxm]</span> <span class='ocrx_word' id='word_1_2' title='bbox 452 174 581 215; x_wconf 75' lang='lat' dir='ltr'>KAT&#39;</span> <span class='ocrx_word' id='word_1_3' title='bbox 626 176 1140 215; x_wconf 75' lang='grc' dir='ltr'>ΑΡΙΣΤΟΚΡΑΤΟΎΣ</span> 
     </span>
    </p>
   </div>
   <div class='ocr_carea' id='block_1_2' title="bbox 249 219 260 226">
    <p class='ocr_par' dir='ltr' id='par_1_2' title="bbox 249 219 260 226">
     <span class='ocr_line' id='line_1_2' title="bbox 249 219 260 226; baseline 0 0"><span class='ocrx_word' id='word_1_4' title='bbox 249 219 260 226; x_wconf 84' lang='lat'>.-</span> 
     </span>
    </p>
   </div>
   <div class='ocr_carea' id='block_1_3' title="bbox 76 279 1467 1535">
    <p class='ocr_par' dir='ltr' id='par_1_3' title="bbox 134 279 1467 536">
     <span class='ocr_line' id='line_1_3' title="bbox 137 279 1466 334; baseline -0.002 -13"><span class='ocrx_word' id='word_1_5' title='bbox 137 281 202 334; x_wconf 64' lang='lat'>34?</span> <span class='ocrx_word' id='word_1_6' title='bbox 226 282 344 321; x_wconf 82' lang='grc' dir='ltr'>αὐτοῦ</span> <span class='ocrx_word' id='word_1_7' title='bbox 372 284 435 321; x_wconf 82' lang='grc' dir='ltr'>διὰ</span> <span class='ocrx_word' id='word_1_8' title='bbox 464 284 534 323; x_wconf 75' lang='grc' dir='ltr'>τὶις</span> <span class='ocrx_word' id='word_1_9' title='bbox 564 281 752 327; x_wconf 85' lang='grc' dir='ltr'>σπονδάς,</span> <span class='ocrx_word' id='word_1_10' title='bbox 780 281 973 321; x_wconf 83' lang='grc' dir='ltr'>τοσούτου</span> <span class='ocrx_word' id='word_1_11' title='bbox 1003 279 1167 330; x_wconf 86' lang='grc' dir='ltr'>ἐδέησεν</span> <span class='ocrx_word' id='word_1_12' title='bbox 1197 281 1382 320; x_wconf 80' lang='grc' dir='ltr'>ἐπελθεῖν</span> <span class='ocrx_word' id='word_1_13' title='bbox 1413 282 1466 333; x_wconf 78' lang='grc' dir='ltr'>τῷ</span> 
     </span>
     <span class='ocr_line' id='line_1_4' title="bbox 139 342 1466 402; baseline -0.002 -14"><span class='ocrx_word' id='word_1_14' title='bbox 139 349 270 393; x_wconf 82' lang='grc' dir='ltr'>Κότυϊ,</span> <span class='ocrx_word' id='word_1_15' title='bbox 299 349 511 400; x_wconf 83' lang='grc' dir='ltr'>γεγραφὼς</span> <span class='ocrx_word' id='word_1_16' title='bbox 540 350 599 388; x_wconf 84' lang='grc' dir='ltr'>ὅτι</span> <span class='ocrx_word' id='word_1_17' title='bbox 628 349 702 402; x_wconf 72' lang='grc' dir='ltr'>οὐχ</span> <span class='ocrx_word' id='word_1_18' title='bbox 731 349 919 398; x_wconf 81' lang='grc' dir='ltr'>ὑπομενεῖ</span> <span class='ocrx_word' id='word_1_19' title='bbox 945 349 1068 388; x_wconf 80' lang='grc' dir='ltr'>Κότυς</span> <span class='ocrx_word' id='word_1_20' title='bbox 1098 346 1215 387; x_wconf 83' lang='grc' dir='ltr'>αὐτὸν</span> <span class='ocrx_word' id='word_1_21' title='bbox 1241 347 1415 391; x_wconf 85' lang='grc' dir='ltr'>ἐπιόντα,</span> <span class='ocrx_word' id='word_1_22' title='bbox 1443 342 1466 395; x_wconf 81' lang='grc' dir='ltr'>ἢ</span> 
     </span>
     <span class='ocr_line' id='line_1_5' title="bbox 136 411 1466 467; baseline -0.002 -12"><span class='ocrx_word' id='word_1_23' title='bbox 136 415 207 465; x_wconf 74' lang='grc' dir='ltr'>τὴν</span> <span class='ocrx_word' id='word_1_24' title='bbox 223 416 478 467; x_wconf 77' lang='grc' dir='ltr'>Χερρόνησον</span> <span class='ocrx_word' id='word_1_25' title='bbox 497 417 601 457; x_wconf 83' lang='grc' dir='ltr'>ὅπως</span> <span class='ocrx_word' id='word_1_26' title='bbox 623 415 815 466; x_wconf 79' lang='grc' dir='ltr'>κομιεῖσθ’</span> <span class='ocrx_word' id='word_1_27' title='bbox 834 416 940 464; x_wconf 82' lang='grc' dir='ltr'>ὑμεῖς</span> <span class='ocrx_word' id='word_1_28' title='bbox 961 413 1201 465; x_wconf 69' lang='grc' dir='ltr'>συμπρᾶξαι,</span> <span class='ocrx_word' id='word_1_29' title='bbox 1221 413 1325 453; x_wconf 82' lang='grc' dir='ltr'>ὥστε</span> <span class='ocrx_word' id='word_1_30' title='bbox 1345 411 1466 453; x_wconf 87' lang='grc' dir='ltr'>πάλιν</span> 
     </span>
     <span class='ocr_line' id='line_1_6' title="bbox 134 479 1467 536; baseline -0.002 -15"><span class='ocrx_word' id='word_1_31' title='bbox 134 482 344 532; x_wconf 80' lang='grc' dir='ltr'>μισθώσας</span> <span class='ocrx_word' id='word_1_32' title='bbox 363 483 479 522; x_wconf 78' lang='grc' dir='ltr'>αὑτὸν</span> <span class='ocrx_word' id='word_1_33' title='bbox 500 486 551 536; x_wconf 79' lang='grc' dir='ltr'>τῷ</span> <span class='ocrx_word' id='word_1_34' title='bbox 574 483 694 521; x_wconf 80' lang='grc' dir='ltr'>Κότυϊ</span> <span class='ocrx_word' id='word_1_35' title='bbox 713 484 761 521; x_wconf 73' lang='grc' dir='ltr'>τὰ</span> <span class='ocrx_word' id='word_1_36' title='bbox 781 482 980 521; x_wconf 80' lang='grc' dir='ltr'>ὑπόλοιπα</span> <span class='ocrx_word' id='word_1_37' title='bbox 1000 485 1075 520; x_wconf 80' lang='grc' dir='ltr'>τῶν</span> <span class='ocrx_word' id='word_1_38' title='bbox 1095 479 1291 532; x_wconf 80' lang='grc' dir='ltr'>ὑμετέρων</span> <span class='ocrx_word' id='word_1_39' title='bbox 1310 480 1467 533; x_wconf 77' lang='grc' dir='ltr'>χωρίων</span> 
     </span>
    </p>

    <p class='ocr_par' dir='ltr' id='par_1_4' title="bbox 98 546 1467 868">
     <span class='ocr_line' id='line_1_7' title="bbox 98 546 1467 600; baseline -0.001 -13"><span class='ocrx_word' id='word_1_40' title='bbox 98 567 114 596; x_wconf 81' lang='lat'>5</span> <span class='ocrx_word' id='word_1_41' title='bbox 136 548 341 600; x_wconf 81' lang='grc' dir='ltr'>Κριθώτην</span> <span class='ocrx_word' id='word_1_42' title='bbox 379 549 441 588; x_wconf 86' lang='grc' dir='ltr'>καὶ</span> <span class='ocrx_word' id='word_1_43' title='bbox 473 548 695 588; x_wconf 68' lang='grc' dir='ltr'>Ἐλαιοῦντ’</span> <span class='ocrx_word' id='word_1_44' title='bbox 729 548 965 599; x_wconf 82' lang='grc' dir='ltr'>ἐπολιόρκει.</span> <span class='ocrx_word' id='word_1_45' title='bbox 1040 547 1100 586; x_wconf 80' lang='grc' dir='ltr'>καὶ</span> <span class='ocrx_word' id='word_1_46' title='bbox 1135 548 1196 587; x_wconf 82' lang='grc' dir='ltr'>ὅτι</span> <span class='ocrx_word' id='word_1_47' title='bbox 1231 550 1363 593; x_wconf 81' lang='grc' dir='ltr'>ταῦτα,</span> <span class='ocrx_word' id='word_1_48' title='bbox 1403 546 1467 586; x_wconf 92' lang='grc' dir='ltr'>καὶ</span> 
     </span>
     <span class='ocr_line' id='line_1_8' title="bbox 134 612 1467 672; baseline 0 -18"><span class='ocrx_word' id='word_1_49' title='bbox 134 615 236 664; x_wconf 81' lang='grc' dir='ltr'>ἡνίκ’</span> <span class='ocrx_word' id='word_1_50' title='bbox 266 614 320 655; x_wconf 84' lang='grc' dir='ltr'>ἔτ’</span> <span class='ocrx_word' id='word_1_51' title='bbox 350 614 396 664; x_wconf 82' lang='grc' dir='ltr'>ἦν</span> <span class='ocrx_word' id='word_1_52' title='bbox 431 616 473 655; x_wconf 86' lang='grc' dir='ltr'>ἐν</span> <span class='ocrx_word' id='word_1_53' title='bbox 505 621 552 672; x_wconf 79' lang='grc' dir='ltr'>τῇ</span> <span class='ocrx_word' id='word_1_54' title='bbox 584 614 704 669; x_wconf 75' lang='grc' dir='ltr'>Ἀσίᾳ</span> <span class='ocrx_word' id='word_1_55' title='bbox 738 616 799 655; x_wconf 86' lang='grc' dir='ltr'>καὶ</span> <span class='ocrx_word' id='word_1_56' title='bbox 831 615 902 664; x_wconf 78' lang='grc' dir='ltr'>την</span> <span class='ocrx_word' id='word_1_57' title='bbox 936 613 1154 663; x_wconf 80' lang='grc' dir='ltr'>ἐπιστολὴν</span> <span class='ocrx_word' id='word_1_58' title='bbox 1187 613 1337 664; x_wconf 87' lang='grc' dir='ltr'>ἔπεμπε</span> <span class='ocrx_word' id='word_1_59' title='bbox 1369 612 1467 665; x_wconf 82' lang='grc' dir='ltr'>πρὸς</span> 
     </span>
     <span class='ocr_line' id='line_1_9' title="bbox 134 679 1466 734; baseline 0.001 -13"><span class='ocrx_word' id='word_1_60' title='bbox 134 682 246 731; x_wconf 77' lang='grc' dir='ltr'>ὑμᾶς,</span> <span class='ocrx_word' id='word_1_61' title='bbox 273 683 453 733; x_wconf 82' lang='grc' dir='ltr'>ἐγνωκὼς</span> <span class='ocrx_word' id='word_1_62' title='bbox 483 686 611 722; x_wconf 86' lang='grc' dir='ltr'>ποιεῖν</span> <span class='ocrx_word' id='word_1_63' title='bbox 636 681 868 734; x_wconf 81' lang='grc' dir='ltr'>ἐφενάκιζεν</span> <span class='ocrx_word' id='word_1_64' title='bbox 893 682 1004 732; x_wconf 79' lang='grc' dir='ltr'>ὑμᾶς,</span> <span class='ocrx_word' id='word_1_65' title='bbox 1033 680 1111 721; x_wconf 80' lang='grc' dir='ltr'>ἀπὸ</span> <span class='ocrx_word' id='word_1_66' title='bbox 1140 683 1208 730; x_wconf 85' lang='grc' dir='ltr'>τῆς</span> <span class='ocrx_word' id='word_1_67' title='bbox 1238 679 1466 731; x_wconf 82' lang='grc' dir='ltr'>διαβάσεως</span> 
     </span>
     <span class='ocr_line' id='line_1_10' title="bbox 135 746 1465 801; baseline 0 -15"><span class='ocrx_word' id='word_1_68' title='bbox 135 746 181 797; x_wconf 80' lang='grc' dir='ltr'>ἢν</span> <span class='ocrx_word' id='word_1_69' title='bbox 211 747 428 798; x_wconf 83' lang='grc' dir='ltr'>ἐποιήσατο</span> <span class='ocrx_word' id='word_1_70' title='bbox 460 750 682 801; x_wconf 80' lang='grc' dir='ltr'>γνώσεσθε·</span> <span class='ocrx_word' id='word_1_71' title='bbox 720 750 761 788; x_wconf 87' lang='grc' dir='ltr'>ἐκ</span> <span class='ocrx_word' id='word_1_72' title='bbox 792 750 866 800; x_wconf 69' lang='grc' dir='ltr'>γὰρ</span> <span class='ocrx_word' id='word_1_73' title='bbox 899 747 1075 798; x_wconf 81' lang='grc' dir='ltr'>Ἀβύδου</span> <span class='ocrx_word' id='word_1_74' title='bbox 1108 750 1176 797; x_wconf 85' lang='grc' dir='ltr'>τῆς</span> <span class='ocrx_word' id='word_1_75' title='bbox 1208 747 1275 787; x_wconf 90' lang='grc' dir='ltr'>τὸν</span> <span class='ocrx_word' id='word_1_76' title='bbox 1309 747 1465 787; x_wconf 78' lang='grc' dir='ltr'>ἅπαντα</span> 
     </span>
     <span class='ocr_line' id='line_1_11' title="bbox 133 814 1460 868; baseline 0 -13"><span class='ocrx_word' id='word_1_77' title='bbox 133 816 280 868; x_wconf 84' lang='grc' dir='ltr'>χρόνον</span> <span class='ocrx_word' id='word_1_78' title='bbox 298 817 387 865; x_wconf 82' lang='grc' dir='ltr'>ὑμῖν</span> <span class='ocrx_word' id='word_1_79' title='bbox 408 817 551 868; x_wconf 76' lang='grc' dir='ltr'>ἐχθρᾶς</span> <span class='ocrx_word' id='word_1_80' title='bbox 578 815 640 854; x_wconf 87' lang='grc' dir='ltr'>καὶ</span> <span class='ocrx_word' id='word_1_81' title='bbox 667 816 756 855; x_wconf 84' lang='grc' dir='ltr'>ὅθεν</span> <span class='ocrx_word' id='word_1_82' title='bbox 778 814 880 864; x_wconf 77' lang='grc' dir='ltr'>ἦσαν</span> <span class='ocrx_word' id='word_1_83' title='bbox 906 816 942 855; x_wconf 84' lang='grc' dir='ltr'>οἱ</span> <span class='ocrx_word' id='word_1_84' title='bbox 970 817 1127 864; x_wconf 83' lang='grc' dir='ltr'>Σηστὸν</span> <span class='ocrx_word' id='word_1_85' title='bbox 1148 814 1460 864; x_wconf 79' lang='grc' dir='ltr'>καταλαβόντες,</span> 
     </span>
    </p>

    <p class='ocr_par' dir='ltr' id='par_1_5' title="bbox 77 880 1460 1200">
     <span class='ocr_line' id='line_1_12' title="bbox 77 880 1460 934; baseline 0.001 -14"><span class='ocrx_word' id='word_1_86' title='bbox 77 900 114 920; x_wconf 95' lang='lat'>10</span> <span class='ocrx_word' id='word_1_87' title='bbox 133 883 189 923; x_wconf 80' lang='grc' dir='ltr'>εἷς</span> <span class='ocrx_word' id='word_1_88' title='bbox 214 882 369 932; x_wconf 81' lang='grc' dir='ltr'>Σηστὸν</span> <span class='ocrx_word' id='word_1_89' title='bbox 399 882 612 932; x_wconf 76' lang='grc' dir='ltr'>διέβαινεν,</span> <span class='ocrx_word' id='word_1_90' title='bbox 644 881 692 932; x_wconf 85' lang='grc' dir='ltr'>ἣν</span> <span class='ocrx_word' id='word_1_91' title='bbox 723 882 805 934; x_wconf 67' lang='grc' dir='ltr'>εἶχε</span> <span class='ocrx_word' id='word_1_92' title='bbox 838 882 975 922; x_wconf 83' lang='grc' dir='ltr'>Κότυς.</span> <span class='ocrx_word' id='word_1_93' title='bbox 1048 882 1173 920; x_wconf 84' lang='grc' dir='ltr'>καίτοι</span> <span class='ocrx_word' id='word_1_94' title='bbox 1202 880 1254 931; x_wconf 74' lang='grc' dir='ltr'>μὴ</span> <span class='ocrx_word' id='word_1_95' title='bbox 1285 881 1460 931; x_wconf 76' lang='grc' dir='ltr'>νομίζετε</span> 
     </span>
     <span class='ocr_line' id='line_1_13' title="bbox 132 946 1460 1000; baseline 0.001 -13"><span class='ocrx_word' id='word_1_96' title='bbox 132 947 222 998; x_wconf 84' lang='grc' dir='ltr'>μήτ’</span> <span class='ocrx_word' id='word_1_97' title='bbox 240 948 287 988; x_wconf 80' lang='grc' dir='ltr'>ἂν</span> <span class='ocrx_word' id='word_1_98' title='bbox 313 949 402 990; x_wconf 83' lang='grc' dir='ltr'>τοὺς</span> <span class='ocrx_word' id='word_1_99' title='bbox 422 949 667 999; x_wconf 63' lang='grc' dir='ltr'>Ἀ,ι’3υδηινοὺς</span> <span class='ocrx_word' id='word_1_100' title='bbox 692 949 809 988; x_wconf 76' lang='grc' dir='ltr'>αὐτὸν</span> <span class='ocrx_word' id='word_1_101' title='bbox 835 947 1104 1000; x_wconf 80' lang='grc' dir='ltr'>ὑποδέχεσθαι</span> <span class='ocrx_word' id='word_1_102' title='bbox 1127 946 1215 997; x_wconf 86' lang='grc' dir='ltr'>μήτ’</span> <span class='ocrx_word' id='word_1_103' title='bbox 1236 947 1282 987; x_wconf 79' lang='grc' dir='ltr'>ἂν</span> <span class='ocrx_word' id='word_1_104' title='bbox 1302 947 1390 988; x_wconf 83' lang='grc' dir='ltr'>τοὺς</span> <span class='ocrx_word' id='word_1_105' title='bbox 1417 948 1460 988; x_wconf 77' lang='grc' dir='ltr'>ἐν</span> 
     </span>
     <span class='ocr_line' id='line_1_14' title="bbox 132 1013 1458 1070; baseline -0.002 -16"><span class='ocrx_word' id='word_1_106' title='bbox 132 1015 178 1070; x_wconf 77' lang='grc' dir='ltr'>τῇ</span> <span class='ocrx_word' id='word_1_107' title='bbox 209 1018 362 1070; x_wconf 82' lang='grc' dir='ltr'>Σηστῷ,</span> <span class='ocrx_word' id='word_1_108' title='bbox 394 1018 463 1066; x_wconf 85' lang='grc' dir='ltr'>τῆς</span> <span class='ocrx_word' id='word_1_109' title='bbox 496 1017 712 1065; x_wconf 78' lang='grc' dir='ltr'>ἐπιστολῆς</span> <span class='ocrx_word' id='word_1_110' title='bbox 745 1017 834 1066; x_wconf 77' lang='grc' dir='ltr'>ὑμῖν</span> <span class='ocrx_word' id='word_1_111' title='bbox 865 1015 1014 1065; x_wconf 81' lang='grc' dir='ltr'>ἐκείνης</span> <span class='ocrx_word' id='word_1_112' title='bbox 1046 1013 1308 1064; x_wconf 80' lang='grc' dir='ltr'>πεπεμμένης,</span> <span class='ocrx_word' id='word_1_113' title='bbox 1341 1015 1374 1054; x_wconf 84' lang='grc' dir='ltr'>εἰ</span> <span class='ocrx_word' id='word_1_114' title='bbox 1406 1013 1458 1064; x_wconf 78' lang='grc' dir='ltr'>μὴ</span> 
     </span>
     <span class='ocr_line' id='line_1_15' title="bbox 132 1080 1459 1137; baseline -0.001 -16"><span class='ocrx_word' id='word_1_115' title='bbox 132 1083 359 1137; x_wconf 81' lang='grc' dir='ltr'>συνῄδεσαν</span> <span class='ocrx_word' id='word_1_116' title='bbox 387 1082 489 1137; x_wconf 78' lang='grc' dir='ltr'>αὐτῷ</span> <span class='ocrx_word' id='word_1_117' title='bbox 521 1083 772 1134; x_wconf 75' lang='grc' dir='ltr'>φενακίζοντι</span> <span class='ocrx_word' id='word_1_118' title='bbox 800 1083 890 1122; x_wconf 88' lang='grc' dir='ltr'>τότε</span> <span class='ocrx_word' id='word_1_119' title='bbox 924 1083 987 1122; x_wconf 86' lang='grc' dir='ltr'>καὶ</span> <span class='ocrx_word' id='word_1_120' title='bbox 1021 1080 1304 1132; x_wconf 79' lang='grc' dir='ltr'>συνεξηπάτων</span> <span class='ocrx_word' id='word_1_121' title='bbox 1337 1080 1459 1126; x_wconf 81' lang='grc' dir='ltr'>αὐτοί,</span> 
     </span>
     <span class='ocr_line' id='line_1_16' title="bbox 130 1146 1460 1200; baseline 0 -13"><span class='ocrx_word' id='word_1_122' title='bbox 130 1150 371 1199; x_wconf 80' lang='grc' dir='ltr'>βουλόμενοι</span> <span class='ocrx_word' id='word_1_123' title='bbox 405 1153 472 1189; x_wconf 82' lang='grc' dir='ltr'>τοῦ</span> <span class='ocrx_word' id='word_1_124' title='bbox 503 1152 575 1199; x_wconf 77' lang='grc' dir='ltr'>μὲν</span> <span class='ocrx_word' id='word_1_125' title='bbox 604 1152 792 1200; x_wconf 82' lang='grc' dir='ltr'>διαβῆναι</span> <span class='ocrx_word' id='word_1_126' title='bbox 822 1149 866 1188; x_wconf 85' lang='grc' dir='ltr'>τὸ</span> <span class='ocrx_word' id='word_1_127' title='bbox 901 1147 1112 1200; x_wconf 85' lang='grc' dir='ltr'>στράτευμ’</span> <span class='ocrx_word' id='word_1_128' title='bbox 1141 1149 1238 1198; x_wconf 76' lang='grc' dir='ltr'>ὑμᾶς</span> <span class='ocrx_word' id='word_1_129' title='bbox 1271 1146 1460 1200; x_wconf 79' lang='grc' dir='ltr'>παρέχειν</span> 
     </span>
    </p>

    <p class='ocr_par' dir='ltr' id='par_1_6' title="bbox 76 1213 1460 1535">
     <span class='ocr_line' id='line_1_17' title="bbox 76 1213 1458 1268; baseline -0.001 -14"><span class='ocrx_word' id='word_1_130' title='bbox 76 1233 109 1261; x_wconf 73' lang='lat'>15</span> <span class='ocrx_word' id='word_1_131' title='bbox 129 1215 200 1264; x_wconf 74' lang='grc' dir='ltr'>τὴν</span> <span class='ocrx_word' id='word_1_132' title='bbox 234 1215 477 1268; x_wconf 81' lang='grc' dir='ltr'>ἀσφάλειαν,</span> <span class='ocrx_word' id='word_1_133' title='bbox 509 1216 723 1266; x_wconf 82' lang='grc' dir='ltr'>διαβάντος</span> <span class='ocrx_word' id='word_1_134' title='bbox 757 1217 810 1263; x_wconf 84' lang='grc' dir='ltr'>δέ,</span> <span class='ocrx_word' id='word_1_135' title='bbox 842 1217 938 1267; x_wconf 86' lang='grc' dir='ltr'>ὅπερ</span> <span class='ocrx_word' id='word_1_136' title='bbox 969 1215 1120 1265; x_wconf 81' lang='grc' dir='ltr'>συνέβη</span> <span class='ocrx_word' id='word_1_137' title='bbox 1152 1215 1288 1256; x_wconf 82' lang='grc' dir='ltr'>δόντος</span> <span class='ocrx_word' id='word_1_138' title='bbox 1317 1213 1458 1266; x_wconf 82' lang='grc' dir='ltr'>Ἀρτα-</span> 
     </span>
     <span class='ocr_line' id='line_1_18' title="bbox 128 1281 1460 1334; baseline 0 -13"><span class='ocrx_word' id='word_1_139' title='bbox 128 1281 255 1332; x_wconf 79' lang='grc' dir='ltr'>βάζου</span> <span class='ocrx_word' id='word_1_140' title='bbox 284 1282 355 1332; x_wconf 79' lang='grc' dir='ltr'>τὴν</span> <span class='ocrx_word' id='word_1_141' title='bbox 387 1283 535 1329; x_wconf 83' lang='grc' dir='ltr'>ἄδειαν,</span> <span class='ocrx_word' id='word_1_142' title='bbox 563 1284 693 1324; x_wconf 82' lang='grc' dir='ltr'>αὐτοῖς</span> <span class='ocrx_word' id='word_1_143' title='bbox 723 1282 891 1334; x_wconf 80' lang='grc' dir='ltr'>ὑπάρξαι</span> <span class='ocrx_word' id='word_1_144' title='bbox 920 1282 991 1332; x_wconf 77' lang='grc' dir='ltr'>τὴν</span> <span class='ocrx_word' id='word_1_145' title='bbox 1020 1282 1169 1334; x_wconf 79' lang='grc' dir='ltr'>χρείαν.</span> <span class='ocrx_word' id='word_1_146' title='bbox 1241 1282 1301 1321; x_wconf 86' lang='grc' dir='ltr'>ὅτι</span> <span class='ocrx_word' id='word_1_147' title='bbox 1329 1282 1460 1321; x_wconf 86' lang='grc' dir='ltr'>τοίνυν</span> 
     </span>
     <span class='ocr_line' id='line_1_19' title="bbox 129 1348 1460 1403; baseline 0.001 -15"><span class='ocrx_word' id='word_1_148' title='bbox 129 1349 229 1388; x_wconf 82' lang='grc' dir='ltr'>οὕτω</span> <span class='ocrx_word' id='word_1_149' title='bbox 253 1349 359 1389; x_wconf 81' lang='grc' dir='ltr'>ταῦτ’</span> <span class='ocrx_word' id='word_1_150' title='bbox 386 1350 483 1403; x_wconf 82' lang='grc' dir='ltr'>ἔχει,</span> <span class='ocrx_word' id='word_1_151' title='bbox 510 1349 605 1402; x_wconf 84' lang='grc' dir='ltr'>λέγε</span> <span class='ocrx_word' id='word_1_152' title='bbox 629 1352 698 1391; x_wconf 78' lang='grc' dir='ltr'>τὰς</span> <span class='ocrx_word' id='word_1_153' title='bbox 725 1349 953 1395; x_wconf 85' lang='grc' dir='ltr'>ἐπιστολάς,</span> <span class='ocrx_word' id='word_1_154' title='bbox 983 1349 1028 1399; x_wconf 79' lang='grc' dir='ltr'>ἦν</span> <span class='ocrx_word' id='word_1_155' title='bbox 1052 1348 1084 1388; x_wconf 79' lang='grc' dir='ltr'>τ’</span> <span class='ocrx_word' id='word_1_156' title='bbox 1105 1349 1286 1400; x_wconf 79' lang='grc' dir='ltr'>ἔπεμψεν</span> <span class='ocrx_word' id='word_1_157' title='bbox 1313 1349 1460 1389; x_wconf 86' lang='grc' dir='ltr'>ἐκεῖνος</span> 
     </span>
     <span class='ocr_line' id='line_1_20' title="bbox 130 1414 1460 1469; baseline 0.001 -15"><span class='ocrx_word' id='word_1_158' title='bbox 130 1415 192 1454; x_wconf 87' lang='grc' dir='ltr'>καὶ</span> <span class='ocrx_word' id='word_1_159' title='bbox 217 1417 286 1457; x_wconf 79' lang='grc' dir='ltr'>τὰς</span> <span class='ocrx_word' id='word_1_160' title='bbox 312 1419 418 1467; x_wconf 84' lang='grc' dir='ltr'>παρὰ</span> <span class='ocrx_word' id='word_1_161' title='bbox 442 1420 520 1456; x_wconf 86' lang='grc' dir='ltr'>τῶν</span> <span class='ocrx_word' id='word_1_162' title='bbox 545 1418 750 1469; x_wconf 80' lang='grc' dir='ltr'>ἀρχόντων</span> <span class='ocrx_word' id='word_1_163' title='bbox 774 1421 852 1456; x_wconf 79' lang='grc' dir='ltr'>τῶν</span> <span class='ocrx_word' id='word_1_164' title='bbox 878 1418 919 1456; x_wconf 89' lang='grc' dir='ltr'>ἐκ</span> <span class='ocrx_word' id='word_1_165' title='bbox 946 1414 1213 1468; x_wconf 77' lang='grc' dir='ltr'>Χερρονήσου·</span> <span class='ocrx_word' id='word_1_166' title='bbox 1251 1415 1460 1467; x_wconf 82' lang='grc' dir='ltr'>γνώσεσθε</span> 
     </span>
     <span class='ocr_line' id='line_1_21' title="bbox 129 1482 1101 1535; baseline 0.001 -14"><span class='ocrx_word' id='word_1_167' title='bbox 129 1483 205 1533; x_wconf 78' lang='grc' dir='ltr'>γὰρ</span> <span class='ocrx_word' id='word_1_168' title='bbox 230 1484 272 1522; x_wconf 86' lang='grc' dir='ltr'>ἐκ</span> <span class='ocrx_word' id='word_1_169' title='bbox 297 1484 446 1523; x_wconf 84' lang='grc' dir='ltr'>τούτων</span> <span class='ocrx_word' id='word_1_170' title='bbox 471 1484 531 1523; x_wconf 85' lang='grc' dir='ltr'>ὅτι</span> <span class='ocrx_word' id='word_1_171' title='bbox 556 1483 663 1522; x_wconf 71' lang='grc' dir='ltr'>ταῦθ’</span> <span class='ocrx_word' id='word_1_172' title='bbox 690 1485 811 1524; x_wconf 82' lang='grc' dir='ltr'>οὕτως</span> <span class='ocrx_word' id='word_1_173' title='bbox 837 1483 933 1535; x_wconf 79' lang='grc' dir='ltr'>ἔχει.</span> <span class='ocrx_word' id='word_1_174' title='bbox 992 1482 1101 1535; x_wconf 81' lang='grc' dir='ltr'>λέγε.</span> 
     </span>
    </p>
   </div>
   <div class='ocr_carea' id='block_1_4' title="bbox 70 1631 900 1659">
    <p class='ocr_par' dir='ltr' id='par_1_7' title="bbox 70 1631 900 1659">
     <span class='ocr_line' id='line_1_22' title="bbox 70 1631 900 1659; baseline 0.004 -4"><span class='ocrx_word' id='word_1_175' title='bbox 70 1634 109 1655; x_wconf 85' lang='grc'>20</span> <span class='ocrx_word' id='word_1_176' title='bbox 684 1631 900 1659; x_wconf 84' lang='grc' dir='ltr'><strong>ΕΠΙΣΤΟΛΗ.</strong></span> 
     </span>
    </p>
   </div>
   <div class='ocr_carea' id='block_1_5' title="bbox 614 1726 712 1741">
    <p class='ocr_par' dir='ltr' id='par_1_8' title="bbox 614 1726 712 1741">
     <span class='ocr_line' id='line_1_23' title="bbox 614 1726 712 1741; baseline -0.01 0"><span class='ocrx_word' id='word_1_177' title='bbox 614 1726 712 1741; x_wconf 50' lang='lat' dir='ltr'>‘J‘xl</span> 
     </span>
    </p>
   </div>
   <div class='ocr_carea' id='block_1_6' title="bbox 128 1725 1459 1940">
    <p class='ocr_par' dir='ltr' id='par_1_9' title="bbox 128 1725 1459 1911">
     <span class='ocr_line' id='line_1_24' title="bbox 194 1725 1459 1777; baseline 0 -12"><span class='ocrx_word' id='word_1_178' title='bbox 194 1725 448 1776; x_wconf 81' lang='grc' dir='ltr'>Ἐνθυμεῖσθ’</span> <span class='ocrx_word' id='word_1_179' title='bbox 474 1728 567 1767; x_wconf 78' lang='grc' dir='ltr'>ὅθεν</span> <span class='ocrx_word' id='word_1_180' title='bbox 592 1745 628 1766; x_wconf 89' lang='grc' dir='ltr'>οι</span> <span class='ocrx_word' id='word_1_181' title='bbox 653 1731 783 1777; x_wconf 86' lang='grc' dir='ltr'>οιεβη,</span> <span class='ocrx_word' id='word_1_182' title='bbox 812 1726 858 1777; x_wconf 76' lang='grc' dir='ltr'>ἐξ</span> <span class='ocrx_word' id='word_1_183' title='bbox 881 1726 1054 1777; x_wconf 84' lang='grc' dir='ltr'>Ἀβύδου</span> <span class='ocrx_word' id='word_1_184' title='bbox 1081 1727 1134 1767; x_wconf 81' lang='grc' dir='ltr'>εἰς</span> <span class='ocrx_word' id='word_1_185' title='bbox 1161 1727 1330 1776; x_wconf 85' lang='grc' dir='ltr'>Σηστόν.</span> <span class='ocrx_word' id='word_1_186' title='bbox 1399 1725 1459 1777; x_wconf 78' lang='grc' dir='ltr'>ἆρ’</span> 
     </span>
     <span class='ocr_line' id='line_1_25' title="bbox 128 1790 1457 1843; baseline 0.001 -11"><span class='ocrx_word' id='word_1_187' title='bbox 128 1793 197 1832; x_wconf 76' lang='grc' dir='ltr'>οὖν</span> <span class='ocrx_word' id='word_1_188' title='bbox 215 1793 340 1832; x_wconf 81' lang='grc' dir='ltr'>οἴεσθ’</span> <span class='ocrx_word' id='word_1_189' title='bbox 359 1792 407 1833; x_wconf 81' lang='grc' dir='ltr'>ἂν</span> <span class='ocrx_word' id='word_1_190' title='bbox 431 1793 701 1843; x_wconf 80' lang='grc' dir='ltr'>ὑποδέξασθαι</span> <span class='ocrx_word' id='word_1_191' title='bbox 726 1793 815 1834; x_wconf 84' lang='grc' dir='ltr'>τοὺς</span> <span class='ocrx_word' id='word_1_192' title='bbox 837 1793 1080 1843; x_wconf 81' lang='grc' dir='ltr'>Ἀβυδηνοὺς</span> <span class='ocrx_word' id='word_1_193' title='bbox 1101 1790 1123 1842; x_wconf 80' lang='grc' dir='ltr'>ἦ</span> <span class='ocrx_word' id='word_1_194' title='bbox 1143 1793 1231 1834; x_wconf 78' lang='grc' dir='ltr'>τοὺς</span> <span class='ocrx_word' id='word_1_195' title='bbox 1251 1794 1457 1843; x_wconf 79' lang='grc' dir='ltr'>Σηστίους,</span> 
     </span>
     <span class='ocr_line' id='line_1_26' title="bbox 129 1857 1434 1911; baseline 0 -13"><span class='ocrx_word' id='word_1_196' title='bbox 129 1859 162 1898; x_wconf 80' lang='grc' dir='ltr'>εἰ</span> <span class='ocrx_word' id='word_1_197' title='bbox 186 1859 238 1909; x_wconf 77' lang='grc' dir='ltr'>μὴ</span> <span class='ocrx_word' id='word_1_198' title='bbox 263 1859 545 1910; x_wconf 78' lang='grc' dir='ltr'>συνεξηπάτων</span> <span class='ocrx_word' id='word_1_199' title='bbox 571 1861 635 1900; x_wconf 87' lang='grc' dir='ltr'>ὅτε</span> <span class='ocrx_word' id='word_1_200' title='bbox 660 1859 731 1909; x_wconf 77' lang='grc' dir='ltr'>τὴν</span> <span class='ocrx_word' id='word_1_201' title='bbox 757 1859 852 1911; x_wconf 84' lang='grc' dir='ltr'>πρὸς</span> <span class='ocrx_word' id='word_1_202' title='bbox 877 1860 976 1909; x_wconf 73' lang='grc' dir='ltr'>ὑμᾶς</span> <span class='ocrx_word' id='word_1_203' title='bbox 1000 1860 1173 1910; x_wconf 76' lang='grc' dir='ltr'>ἔπεμπεν</span> <span class='ocrx_word' id='word_1_204' title='bbox 1198 1857 1434 1908; x_wconf 70' lang='grc' dir='ltr'>ἐπιστολήνς</span> 
     </span>
    </p>

    <p class='ocr_par' dir='ltr' id='par_1_10' title="bbox 1433 1923 1452 1940">
     <span class='ocr_line' id='line_1_27' title="bbox 1433 1923 1452 1940; baseline 0 -8"><span class='ocrx_word' id='word_1_205' title='bbox 1433 1923 1452 1940; x_wconf 45' lang='grc' dir='ltr'><strong>φ</strong></span> 
     </span>
    </p>
   </div>
   <div class='ocr_carea' id='block_1_7' title="bbox 69 1925 1458 2045">
    <p class='ocr_par' dir='ltr' id='par_1_11' title="bbox 69 1925 1458 2045">
     <span class='ocr_line' id='line_1_28' title="bbox 194 1925 1458 1977; baseline 0.001 -13"><span class='ocrx_word' id='word_1_206' title='bbox 194 1925 289 1977; x_wconf 86' lang='grc' dir='ltr'>Λέγ’</span> <span class='ocrx_word' id='word_1_207' title='bbox 331 1926 462 1967; x_wconf 83' lang='grc' dir='ltr'>αὐτοῖς</span> <span class='ocrx_word' id='word_1_208' title='bbox 509 1926 579 1976; x_wconf 77' lang='grc' dir='ltr'>τὴν</span> <span class='ocrx_word' id='word_1_209' title='bbox 623 1926 843 1976; x_wconf 75' lang='grc' dir='ltr'>ἐπιστολὴν</span> <span class='ocrx_word' id='word_1_210' title='bbox 889 1925 1022 1976; x_wconf 84' lang='grc' dir='ltr'>αὐτήν.</span> <span class='ocrx_word' id='word_1_211' title='bbox 1096 1926 1157 1966; x_wconf 88' lang='grc' dir='ltr'>καὶ</span> <span class='ocrx_word' id='word_1_212' title='bbox 1199 1925 1384 1977; x_wconf 84' lang='grc' dir='ltr'>θεωρεῖτ’,</span> <span class='ocrx_word' id='word_1_213' title='bbox 1429 1944 1458 1965; x_wconf 87' lang='grc' dir='ltr'>ω</span> 
     </span>
     <span class='ocr_line' id='line_1_29' title="bbox 69 1991 1458 2045; baseline 0.001 -14"><span class='ocrx_word' id='word_1_214' title='bbox 69 2005 106 2036; x_wconf 80' lang='lat'>25</span> <span class='ocrx_word' id='word_1_215' title='bbox 126 1991 263 2044; x_wconf 79' lang='grc' dir='ltr'>ἄνδρες</span> <span class='ocrx_word' id='word_1_216' title='bbox 289 1992 503 2043; x_wconf 80' lang='grc' dir='ltr'>Ἀθηναῖοι,</span> <span class='ocrx_word' id='word_1_217' title='bbox 532 1995 602 2035; x_wconf 78' lang='grc' dir='ltr'>τὰς</span> <span class='ocrx_word' id='word_1_218' title='bbox 626 1994 855 2045; x_wconf 83' lang='grc' dir='ltr'>ὑπερβολὰς</span> <span class='ocrx_word' id='word_1_219' title='bbox 882 1994 936 2033; x_wconf 77' lang='grc' dir='ltr'>ὧν</span> <span class='ocrx_word' id='word_1_220' title='bbox 963 1992 1078 2034; x_wconf 79' lang='grc' dir='ltr'>αὐτὸς</span> <span class='ocrx_word' id='word_1_221' title='bbox 1104 1992 1193 2044; x_wconf 84' lang='grc' dir='ltr'>περὶ</span> <span class='ocrx_word' id='word_1_222' title='bbox 1222 1993 1338 2032; x_wconf 80' lang='grc' dir='ltr'>αὑτοῦ</span> <span class='ocrx_word' id='word_1_223' title='bbox 1363 1991 1458 2043; x_wconf 83' lang='grc' dir='ltr'>πρὸς</span> 
     </span>
    </p>
   </div>
   <div class='ocr_carea' id='block_1_8' title="bbox 173 2102 1458 2142">
    <p class='ocr_par' dir='ltr' id='par_1_12' title="bbox 173 2102 1458 2142">
     <span class='ocr_line' id='line_1_30' title="bbox 173 2102 1458 2142; baseline 0.002 -11"><span class='ocrx_word' id='word_1_224' title='bbox 173 2111 186 2131; x_wconf 89' lang='lat'>1</span> <span class='ocrx_word' id='word_1_225' title='bbox 224 2102 257 2142; x_wconf 72' lang='grc' dir='ltr'>γ’</span> <span class='ocrx_word' id='word_1_226' title='bbox 283 2107 359 2142; x_wconf 85' lang='lat' dir='ltr'>post</span> <span class='ocrx_word' id='word_1_227' title='bbox 390 2102 548 2134; x_wconf 84' lang='grc' dir='ltr'>τοσούτου</span> <span class='ocrx_word' id='word_1_228' title='bbox 576 2102 651 2133; x_wconf 84' lang='lat' dir='ltr'><strong>add.</strong></span> <span class='ocrx_word' id='word_1_229' title='bbox 679 2102 776 2132; x_wconf 77' lang='lat' dir='ltr'>Blass</span> <span class='ocrx_word' id='word_1_230' title='bbox 806 2102 879 2132; x_wconf 90' lang='lat' dir='ltr'>coll.</span> <span class='ocrx_word' id='word_1_231' title='bbox 911 2102 971 2132; x_wconf 87' lang='lat' dir='ltr'>xix</span> <span class='ocrx_word' id='word_1_232' title='bbox 1001 2102 1053 2140; x_wconf 83' lang='lat'>48,</span> <span class='ocrx_word' id='word_1_233' title='bbox 1081 2102 1169 2132; x_wconf 89' lang='lat' dir='ltr'>haud</span> <span class='ocrx_word' id='word_1_234' title='bbox 1199 2102 1268 2132; x_wconf 83' lang='lat' dir='ltr'>scio</span> <span class='ocrx_word' id='word_1_235' title='bbox 1297 2112 1339 2131; x_wconf 86' lang='lat' dir='ltr'>an</span> <span class='ocrx_word' id='word_1_236' title='bbox 1367 2106 1458 2133; x_wconf 85' lang='lat' dir='ltr'><strong>recte</strong></span> 
     </span>
    </p>
   </div>
   <div class='ocr_carea' id='block_1_9' title="bbox 124 2145 1457 2357">
    <p class='ocr_par' dir='ltr' id='par_1_13' title="bbox 124 2145 1457 2357">
     <span class='ocr_line' id='line_1_31' title="bbox 128 2145 1457 2186; baseline -0.001 -9"><span class='ocrx_word' id='word_1_237' title='bbox 128 2155 143 2183; x_wconf 89' lang='lat'>7</span> <span class='ocrx_word' id='word_1_238' title='bbox 169 2146 325 2177; x_wconf 83' lang='grc' dir='ltr'>τάναντία</span> <span class='ocrx_word' id='word_1_239' title='bbox 340 2150 419 2175; x_wconf 86' lang='lat' dir='ltr'>ante</span> <span class='ocrx_word' id='word_1_240' title='bbox 439 2147 585 2186; x_wconf 73' lang='grc' dir='ltr'>ἐγνωκὼς</span> <span class='ocrx_word' id='word_1_241' title='bbox 609 2146 684 2176; x_wconf 81' lang='lat' dir='ltr'>add.</span> <span class='ocrx_word' id='word_1_242' title='bbox 702 2145 734 2176; x_wconf 89' lang='lat' dir='ltr'><strong>A</strong></span> <span class='ocrx_word' id='word_1_243' title='bbox 749 2145 773 2175; x_wconf 87' lang='lat' dir='ltr'>F</span> <span class='ocrx_word' id='word_1_244' title='bbox 955 2156 993 2175; x_wconf 91' lang='lat'>10</span> <span class='ocrx_word' id='word_1_245' title='bbox 1017 2146 1057 2183; x_wconf 78' lang='grc' dir='ltr'>ἢν</span> <span class='ocrx_word' id='word_1_246' title='bbox 1074 2145 1105 2175; x_wconf 92' lang='grc' dir='ltr'>Α</span> <span class='ocrx_word' id='word_1_247' title='bbox 1119 2145 1142 2175; x_wconf 83' lang='lat' dir='ltr'>S</span> <span class='ocrx_word' id='word_1_248' title='bbox 1159 2158 1209 2186; x_wconf 71' lang='grc' dir='ltr'>γρ.</span> <span class='ocrx_word' id='word_1_249' title='bbox 1226 2157 1232 2175; x_wconf 78' lang='lat' dir='ltr'><em>z</em></span> <span class='ocrx_word' id='word_1_250' title='bbox 1258 2146 1294 2176; x_wconf 65' lang='grc' dir='ltr'>ὃν</span> <span class='ocrx_word' id='word_1_251' title='bbox 1313 2146 1336 2175; x_wconf 85' lang='lat' dir='ltr'>S</span> <span class='ocrx_word' id='word_1_252' title='bbox 1353 2145 1457 2184; x_wconf 63' lang='lat' dir='ltr'>vulg„</span> 
     </span>
     <span class='ocr_line' id='line_1_32' title="bbox 126 2188 1457 2228; baseline 0 -9"><span class='ocrx_word' id='word_1_253' title='bbox 126 2188 166 2219; x_wconf 82' lang='lat' dir='ltr'>cf.</span> <span class='ocrx_word' id='word_1_254' title='bbox 187 2189 382 2228; x_wconf 76' lang='lat' dir='ltr'>Stephanus</span> <span class='ocrx_word' id='word_1_255' title='bbox 401 2189 542 2228; x_wconf 80' lang='lat' dir='ltr'>Byzant.</span> <span class='ocrx_word' id='word_1_256' title='bbox 563 2199 588 2220; x_wconf 84' lang='lat' dir='ltr'>s.</span> <span class='ocrx_word' id='word_1_257' title='bbox 603 2199 633 2220; x_wconf 94' lang='lat' dir='ltr'>v.</span> <span class='ocrx_word' id='word_1_258' title='bbox 655 2189 781 2226; x_wconf 83' lang='grc' dir='ltr'>Σηστός</span> <span class='ocrx_word' id='word_1_259' title='bbox 957 2199 990 2218; x_wconf 88' lang='lat'>11</span> <span class='ocrx_word' id='word_1_260' title='bbox 1018 2190 1160 2219; x_wconf 83' lang='lat' dir='ltr'><strong>alterum</strong></span> <span class='ocrx_word' id='word_1_261' title='bbox 1180 2190 1218 2220; x_wconf 76' lang='grc' dir='ltr'>ἂν</span> <span class='ocrx_word' id='word_1_262' title='bbox 1235 2189 1323 2227; x_wconf 49' lang='grc' dir='ltr'>τοὺςρ</span> <span class='ocrx_word' id='word_1_263' title='bbox 1345 2190 1457 2220; x_wconf 80' lang='grc' dir='ltr'>αυτοὺς</span> 
     </span>
     <span class='ocr_line' id='line_1_33' title="bbox 124 2231 1457 2274; baseline -0.001 -12"><span class='ocrx_word' id='word_1_264' title='bbox 124 2232 154 2261; x_wconf 86' lang='grc' dir='ltr'>Α</span> <span class='ocrx_word' id='word_1_265' title='bbox 172 2244 178 2263; x_wconf 91' lang='lat'>:</span> <span class='ocrx_word' id='word_1_266' title='bbox 203 2232 241 2263; x_wconf 79' lang='grc' dir='ltr'>αὖ</span> <span class='ocrx_word' id='word_1_267' title='bbox 257 2233 329 2264; x_wconf 86' lang='grc' dir='ltr'>τοὺς</span> <span class='ocrx_word' id='word_1_268' title='bbox 346 2233 387 2262; x_wconf 83' lang='lat' dir='ltr'>al.</span> <span class='ocrx_word' id='word_1_269' title='bbox 505 2243 542 2262; x_wconf 88' lang='lat'>12</span> <span class='ocrx_word' id='word_1_270' title='bbox 566 2235 607 2274; x_wconf 79' lang='grc' dir='ltr'>τῇ</span> <span class='ocrx_word' id='word_1_271' title='bbox 625 2242 731 2271; x_wconf 78' lang='lat' dir='ltr'>marg.</span> <span class='ocrx_word' id='word_1_272' title='bbox 754 2232 906 2262; x_wconf 82' lang='lat' dir='ltr'>Lambini</span> <span class='ocrx_word' id='word_1_273' title='bbox 924 2244 931 2262; x_wconf 74' lang='lat' dir='ltr'>z</span> <span class='ocrx_word' id='word_1_274' title='bbox 956 2236 1001 2272; x_wconf 83' lang='grc' dir='ltr'>τῷ</span> <span class='ocrx_word' id='word_1_275' title='bbox 1019 2233 1115 2262; x_wconf 87' lang='lat' dir='ltr'>codd.</span> <span class='ocrx_word' id='word_1_276' title='bbox 1209 2232 1409 2272; x_wconf 80' lang='grc' dir='ltr'>πεμφθείσης</span> <span class='ocrx_word' id='word_1_277' title='bbox 1426 2231 1457 2261; x_wconf 89' lang='grc' dir='ltr'>Α</span> 
     </span>
     <span class='ocr_line' id='line_1_34' title="bbox 129 2274 1457 2316; baseline 0.002 -12"><span class='ocrx_word' id='word_1_278' title='bbox 129 2286 165 2313; x_wconf 81' lang='lat'>13</span> <span class='ocrx_word' id='word_1_279' title='bbox 191 2277 274 2316; x_wconf 78' lang='grc' dir='ltr'>αὐτῷ</span> <span class='ocrx_word' id='word_1_280' title='bbox 292 2281 370 2305; x_wconf 82' lang='lat' dir='ltr'>ante</span> <span class='ocrx_word' id='word_1_281' title='bbox 385 2275 588 2316; x_wconf 74' lang='grc' dir='ltr'>φενακίζοντι</span> <span class='ocrx_word' id='word_1_282' title='bbox 604 2276 635 2305; x_wconf 90' lang='grc' dir='ltr'>Α</span> <span class='ocrx_word' id='word_1_283' title='bbox 652 2287 659 2305; x_wconf 86' lang='lat'>:</span> <span class='ocrx_word' id='word_1_284' title='bbox 684 2281 759 2314; x_wconf 85' lang='lat' dir='ltr'>post</span> <span class='ocrx_word' id='word_1_285' title='bbox 773 2274 978 2316; x_wconf 79' lang='grc' dir='ltr'>φενακίζοντι</span> <span class='ocrx_word' id='word_1_286' title='bbox 994 2276 1017 2306; x_wconf 86' lang='lat' dir='ltr'>S</span> <span class='ocrx_word' id='word_1_287' title='bbox 1033 2275 1124 2314; x_wconf 84' lang='lat' dir='ltr'><strong>vulg.</strong></span> <span class='ocrx_word' id='word_1_288' title='bbox 1220 2285 1257 2313; x_wconf 90' lang='lat'>14</span> <span class='ocrx_word' id='word_1_289' title='bbox 1275 2278 1457 2316; x_wconf 81' lang='grc' dir='ltr'>παρασχεῖν</span> 
     </span>
     <span class='ocr_line' id='line_1_35' title="bbox 124 2318 1454 2357; baseline 0.001 -10"><span class='ocrx_word' id='word_1_290' title='bbox 124 2319 155 2347; x_wconf 84' lang='grc' dir='ltr'>Α</span> <span class='ocrx_word' id='word_1_291' title='bbox 321 2320 359 2349; x_wconf 88' lang='lat'>18</span> <span class='ocrx_word' id='word_1_292' title='bbox 395 2319 536 2349; x_wconf 77' lang='lat' dir='ltr'>alterum</span> <span class='ocrx_word' id='word_1_293' title='bbox 563 2323 629 2350; x_wconf 83' lang='grc' dir='ltr'>τῶν</span> <span class='ocrx_word' id='word_1_294' title='bbox 658 2329 721 2349; x_wconf 89' lang='lat' dir='ltr'>om.</span> <span class='ocrx_word' id='word_1_295' title='bbox 751 2318 775 2349; x_wconf 87' lang='lat' dir='ltr'>S</span> <span class='ocrx_word' id='word_1_296' title='bbox 803 2320 896 2350; x_wconf 85' lang='lat' dir='ltr'>solus</span> <span class='ocrx_word' id='word_1_297' title='bbox 1069 2329 1108 2357; x_wconf 89' lang='lat'>19</span> <span class='ocrx_word' id='word_1_298' title='bbox 1143 2318 1222 2357; x_wconf 79' lang='grc' dir='ltr'>λε’-γε</span> <span class='ocrx_word' id='word_1_299' title='bbox 1252 2329 1316 2349; x_wconf 89' lang='lat' dir='ltr'>om.</span> <span class='ocrx_word' id='word_1_300' title='bbox 1346 2318 1369 2349; x_wconf 85' lang='lat' dir='ltr'>S</span> <span class='ocrx_word' id='word_1_301' title='bbox 1382 2318 1411 2348; x_wconf 92' lang='lat' dir='ltr'>Y</span> <span class='ocrx_word' id='word_1_302' title='bbox 1425 2318 1454 2348; x_wconf 97' lang='lat' dir='ltr'>O</span> 
     </span>
    </p>
   </div>
   <div class='ocr_carea' id='block_1_10' title="bbox 124 2361 1457 2401">
    <p class='ocr_par' dir='ltr' id='par_1_14' title="bbox 124 2361 1457 2401">
     <span class='ocr_line' id='line_1_36' title="bbox 124 2361 1457 2401; baseline 0.002 -10"><span class='ocrx_word' id='word_1_303' title='bbox 124 2372 167 2391; x_wconf 81' lang='lat'>20</span> <span class='ocrx_word' id='word_1_304' title='bbox 191 2366 395 2395; x_wconf 76' lang='grc' dir='ltr'><strong>ΕΠΙΣΤΟΛΗ</strong></span> <span class='ocrx_word' id='word_1_305' title='bbox 413 2362 456 2392; x_wconf 83' lang='lat' dir='ltr'>S:</span> <span class='ocrx_word' id='word_1_306' title='bbox 484 2367 702 2395; x_wconf 79' lang='grc' dir='ltr'>ΕΠΙΣΤΟΛΑΙ</span> <span class='ocrx_word' id='word_1_307' title='bbox 716 2362 806 2401; x_wconf 87' lang='lat' dir='ltr'>vulg.</span> <span class='ocrx_word' id='word_1_308' title='bbox 899 2372 936 2392; x_wconf 87' lang='lat'>21</span> <span class='ocrx_word' id='word_1_309' title='bbox 965 2361 998 2394; x_wconf 74' lang='grc' dir='ltr'>οἳ</span> <span class='ocrx_word' id='word_1_310' title='bbox 1010 2373 1076 2393; x_wconf 88' lang='lat' dir='ltr'>om.</span> <span class='ocrx_word' id='word_1_311' title='bbox 1093 2363 1115 2393; x_wconf 76' lang='grc'>5</span> <span class='ocrx_word' id='word_1_312' title='bbox 1128 2362 1157 2392; x_wconf 80' lang='lat' dir='ltr'>Y</span> <span class='ocrx_word' id='word_1_313' title='bbox 1171 2362 1202 2392; x_wconf 93' lang='lat' dir='ltr'>O</span> <span class='ocrx_word' id='word_1_314' title='bbox 1293 2372 1334 2392; x_wconf 79' lang='lat'>22</span> <span class='ocrx_word' id='word_1_315' title='bbox 1359 2363 1457 2394; x_wconf 77' lang='grc' dir='ltr'>αὐτὸν</span> 
     </span>
    </p>
   </div>
   <div class='ocr_carea' id='block_1_11' title="bbox 124 2405 1323 2481">
    <p class='ocr_par' dir='ltr' id='par_1_15' title="bbox 124 2405 1323 2481">
     <span class='ocr_line' id='line_1_37' title="bbox 124 2405 1323 2481; baseline 0 -46"><span class='ocrx_word' id='word_1_316' title='bbox 124 2411 200 2443; x_wconf 80' lang='lat' dir='ltr'>post</span> <span class='ocrx_word' id='word_1_317' title='bbox 217 2406 411 2444; x_wconf 86' lang='grc' dir='ltr'>Ἀβυδηνοὺς</span> <span class='ocrx_word' id='word_1_318' title='bbox 428 2406 502 2437; x_wconf 84' lang='lat' dir='ltr'>add.</span> <span class='ocrx_word' id='word_1_319' title='bbox 523 2406 612 2445; x_wconf 83' lang='lat' dir='ltr'>vulg.</span> <span class='ocrx_word' id='word_1_320' title='bbox 630 2419 635 2437; x_wconf 89' lang='lat'>:</span> <span class='ocrx_word' id='word_1_321' title='bbox 660 2416 724 2436; x_wconf 91' lang='lat' dir='ltr'>om.</span> <span class='ocrx_word' id='word_1_322' title='bbox 745 2405 809 2436; x_wconf 83' lang='lat' dir='ltr'>SA</span> <span class='ocrx_word' id='word_1_323' title='bbox 1265 2448 1323 2481; x_wconf 59' lang='lat'>13*</span> 
     </span>
    </p>
   </div>
   <div class='ocr_carea' id='block_1_12' title="bbox 1498 173 1612 230">
    <p class='ocr_par' dir='ltr' id='par_1_16' title="bbox 1498 173 1612 230">
     <span class='ocr_line' id='line_1_38' title="bbox 1498 173 1612 230; baseline 0.018 -2"><span class='ocrx_word' id='word_1_324' title='bbox 1498 173 1612 230; x_wconf 85' lang='lat'>[672]</span> 
     </span>
    </p>
   </div>
   <div class='ocr_carea' id='block_1_13' title="bbox 1491 894 1606 1003">
    <p class='ocr_par' dir='ltr' id='par_1_17' title="bbox 1491 894 1606 1003">
     <span class='ocr_line' id='line_1_39' title="bbox 1496 894 1561 930; baseline 0.015 -1"><span class='ocrx_word' id='word_1_325' title='bbox 1496 894 1561 930; x_wconf 84' lang='lat'>159</span> 
     </span>
     <span class='ocr_line' id='line_1_40' title="bbox 1491 948 1606 1003; baseline 0.009 -1"><span class='ocrx_word' id='word_1_326' title='bbox 1491 948 1606 1003; x_wconf 79' lang='lat'>[673]</span> 
     </span>
    </p>
   </div>
   <div class='ocr_carea' id='block_1_14' title="bbox 1494 1733 1560 1767">
    <p class='ocr_par' dir='ltr' id='par_1_18' title="bbox 1494 1733 1560 1767">
     <span class='ocr_line' id='line_1_41' title="bbox 1494 1733 1560 1767; baseline 0 -1"><span class='ocrx_word' id='word_1_327' title='bbox 1494 1733 1560 1767; x_wconf 83' lang='lat'>160</span> 
     </span>
    </p>
   </div>
  </div>
 </body>
</html>
