1737 2734
61 844 100 866 10

56 1511 96 1533 20

52 2176 92 2206 30

122 119 196 174 xx]
515 123 674 161 ΠΡΟΣ
723 123 1058 160 ΛΕΠΤΙΝΗΝ

122 225 382 277 ἐξαπατῆσαι,
403 226 464 266 καὶ
480 226 586 266 ταῦτ’
605 226 649 266 οὐ
667 227 808 278 μικρὰν
828 226 963 276 ζημίαν
984 224 1184 278 ὀφλήσειν
1199 224 1451 275 μέλλουσαν,·

120 294 166 334 οὐ
198 295 273 345 γὰρ
306 294 339 333 εἰ
372 292 423 344 μὴ
458 292 625 346 χρήματ’
658 294 859 333 ἀπόλλυτε
892 293 1015 341 μόνον
1052 291 1259 339 σκεπτέον,
1295 291 1386 331 ἀλλ’
1421 293 1454 331 εἰ

122 361 184 400 καὶ
209 358 329 410 δόξαν
354 358 548 413 χρηστήν,
573 360 660 411 περὶ
685 360 730 410 ἧς
754 363 911 410 μᾶλλον
938 355 1214 408 σπουδάζετ’ἢ
1241 358 1329 410 περὶ
1353 374 1449 410 χρη-

119 425 267 476 μάτων,
290 427 352 466 καὶ
371 426 415 466 οὐ
434 427 555 477 μόνον
576 428 696 477 ὑμεῖς,
718 427 824 466 ἀλλὰ
845 426 906 466 καὶ
927 427 962 466 οἱ
983 426 1184 478 πρόγονοι.
1244 423 1452 476 τεκμήριον

121 492 176 533 δέ·
213 491 396 545 χρήματα
420 495 492 543 μὲν
518 495 594 545 γὰρ
619 493 791 534 πλεῖστά
821 509 915 533 ποτε
942 491 1183 543 κτησάμενοι
1215 491 1330 532 πάνθ’
1354 492 1451 542 ὑπὲρ
1482 491 1603 546 [460]

120 561 349 610 φιλοτιμίας
369 559 599 609 ἀνήλωσαν,
618 561 715 612 ὑπὲρ
736 563 775 600 δὲ
798 559 913 610 δόξης
934 559 1074 599 οὐδένα
1093 559 1251 599 πώποτε
1272 559 1451 599 κίνδυνον

120 625 356 676 ἐξέστησαν,
395 627 500 667 ἀλλὰ
537 627 600 667 καὶ
638 629 707 668 τὰς
747 628 846 668 ἰδίας
884 626 1022 667 οὐσίας
1060 626 1454 677 προσαναλίσκοντες

121 692 333 733 διετέλουν.
404 697 473 734 νῦν
509 695 641 734 τοίνυν
674 693 786 735 οὗτος
825 694 844 732 ὁ
881 694 999 743 νόμος
1032 692 1176 742 ταύτην
1209 692 1296 732 ἀντὶ
1331 694 1453 742 καλῆς

121 760 294 812 αἰσχρὰν
327 765 374 816 τῇ
407 761 523 800 πόλει
554 759 772 812 περιάπτει,
802 761 865 800 καὶ
899 760 988 799 οὔτε
1021 763 1098 799 τῶν
1131 759 1338 810 προγόνων
1371 758 1453 798 οὔθ’

119 827 227 876 ὑμῶν
251 825 380 877 ἀξίαν.
441 828 529 878 τρία
554 829 629 879 γὰρ
653 828 701 867 τὰ
724 826 882 879 μέγιστ’
903 827 1032 876 ὀνείδη
1061 828 1211 875 κτᾶται,
1235 825 1454 878 φθονεροὺς

120 893 313 935 ἀπίστους
339 894 582 946 ἀχαρίστους
607 893 708 934 εἶναι
733 896 874 934 δοκεῖν.

180 959 276 1000 “On
310 962 442 1001 τοίνυν
478 960 557 1000 οὐδ’
594 961 706 1001 ἐστὶν
742 962 858 1006 ὅλως,
897 957 926 999 ὦ
962 959 1100 1012 ἄνδρες
1133 959 1351 1010 Ἀθηναῖοι,
1385 962 1453 1000 τοῦ

119 1026 236 1077 ἤθους
254 1030 321 1066 τοῦ
346 1027 533 1078 ὑμετέρου
555 1028 684 1079 κύριον
704 1029 870 1077 ποιῆσαι
895 1030 1072 1067 τοιοῦτον
1099 1027 1233 1077 νόμον,
1256 1027 1318 1067 καὶ
1338 1029 1453 1066 τοῦτο

119 1093 359 1145 πειράσομαι
389 1093 513 1144 δεῖξαι
537 1096 601 1134 διὰ
625 1094 827 1148 βραχέων,
855 1094 897 1134 ἕν
923 1110 959 1133 τι
983 1097 1060 1134 τῶν
1085 1094 1276 1146 πρότερον
1301 1110 1450 1145 πεπρα-

84 1178 95 1185 ·
119 1159 276 1212 γμένων
295 1161 341 1216 τῇ
362 1161 478 1201 πόλει
498 1158 724 1210 διεξελθών.
778 1160 969 1213 λέγονται
992 1159 1165 1213 χρήμαθ’
1182 1161 1218 1200 οἱ
1243 1159 1454 1212 τριάκοντα

119 1228 382 1267 δανείσασθαι
423 1229 529 1280 παρὰ
571 1229 892 1279 Λακεδαιμονίων
936 1227 1000 1268 ἐπὶ
1041 1227 1131 1268 τοὺς
1174 1228 1216 1267 ἐν
1258 1230 1452 1279 Πειραιεῖ.

119 1293 254 1344 ἐπειδὴ
291 1293 324 1333 δ’
359 1294 382 1344 ἡ
420 1295 538 1336 πόλις
574 1296 629 1337 εἷς
666 1295 708 1335 ἓν
743 1293 865 1344 ἦλθεν
905 1294 968 1334 καὶ
1005 1295 1053 1334 τὰ
1089 1293 1285 1346 πράγματ’
1324 1295 1454 1334 ἐκεῖνα

120 1359 303 1411 κατέστη,
331 1360 526 1413 πρέσβεις
552 1361 784 1413 πέμψαντες
810 1363 846 1401 οἱ
866 1361 1170 1412 Λακεδαιμόνιοι
1195 1363 1244 1400 τὰ
1268 1359 1453 1413 χρήματα

117 1427 223 1467 ταῦτ’
256 1426 445 1483 ἀπῄτουν.
516 1429 649 1480 λόγων
686 1430 727 1468 δὲ
763 1427 1012 1480 γιγνομένων
1049 1428 1111 1467 καὶ
1142 1431 1220 1468 τῶν
1255 1430 1328 1478 μὲν
1361 1428 1451 1470 τοὺς

117 1494 425 1544 δανεισαμένους
455 1495 670 1535 ἀποδοῦναι
702 1495 957 1540 κελευόντων,
985 1494 1073 1535 τοὺς
1103 1494 1150 1545 ἐξ
1178 1494 1345 1540 ἄστεως,
1372 1498 1450 1535 τῶν

116 1562 159 1600 δὲ
183 1564 298 1600 τοῦτο
324 1565 478 1612 πρῶτον
508 1561 678 1614 ὑπάρξαι
707 1564 775 1612 τῆς
807 1562 991 1613 ὁμονοίας
1022 1566 1188 1612 σημεῖον
1219 1561 1447 1612 ἀξιούντων,

118 1633 228 1684 κοινῇ
247 1630 434 1668 διαλῦσαι
458 1630 506 1668 τὰ
525 1627 719 1682 χρήματα,
739 1629 843 1681 φασὶ
868 1631 937 1668 τόν
957 1630 1080 1679 δῆμον
1100 1627 1266 1668 ἑλέσθαι
1287 1645 1446 1668 συνεισ-

116 1697 292 1746 ενεγκεῖν
322 1694 440 1735 αὐτὸν
471 1695 535 1734 καὶ
564 1699 782 1749 μετασχεῖν
807 1697 875 1745 τῆς
900 1694 1088 1745 δαπάνης,
1115 1695 1220 1735 ὥστε
1249 1694 1302 1746 μὴ
1326 1699 1449 1735 λῦσαι

115 1764 192 1800 τῶν
223 1760 542 1814 ὡμολογημένων
573 1761 708 1812 μηδέν.
781 1766 864 1803 πῶς
897 1762 966 1802 οὖν
999 1761 1044 1801 οὐ
1077 1762 1219 1808 δεινόν,
1247 1760 1277 1801 ὦ
1310 1761 1448 1814 ἄνδρες

115 1826 331 1877 Ἀθηναῖοι,
364 1829 397 1868 εἰ
431 1829 520 1868 τότε
552 1831 625 1879 μὲν
657 1832 740 1870 τοῖς
772 1828 1003 1879 ἠδικηκόσιν
1035 1830 1133 1879 ὑμᾶς
1164 1829 1260 1880 ὑπὲρ
1294 1832 1362 1868 τοῦ
1394 1829 1446 1879 μὴ

113 1894 350 1946 ψεύσασθαι
385 1896 433 1935 τὰ
469 1894 638 1948 χρήματ’
672 1895 878 1948 εἰσφέρειν
910 1895 1149 1946 ἠθελήσατε,
1185 1898 1255 1936 νῦν
1288 1895 1321 1935 δ’
1356 1894 1447 1946 ἐξὸν

112 1961 203 2011 ὑμῖν
231 1960 324 2001 ἄνευ
353 1960 530 2012 δαπάνης
557 1964 607 2002 τὰ
637 1963 766 2002 δίκαια
799 1964 964 2013 ποιῆσαι
996 1966 1079 2004 τοῖς
1112 1960 1348 2014 εὐεργέταις,
1375 1965 1443 2003 λύ’

114 2043 213 2067 σασι
248 2031 316 2068 τὸν
353 2029 487 2078 νόμον,
524 2029 748 2080 ψεύδεσθαι
783 2031 941 2079 μᾶλλον
978 2027 1215 2080 αἱρήσεσθε,·
1260 2029 1338 2081 ἐγὼ
1373 2031 1445 2080 μὲν

112 2093 181 2134 οὐκ
205 2093 313 2144 ἀξιῶ.

178 2160 236 2200 Τὸ
260 2162 334 2211 μὲν
358 2162 492 2202 τοίνυν
516 2164 585 2212 τῆς
610 2163 765 2204 πόλεως
790 2160 895 2211 ἦθος,
918 2161 948 2202 ὦ
973 2161 1110 2213 ἄνδρες
1136 2161 1351 2212 Ἀθηναῖοι,
1380 2162 1443 2203 καὶ

155 2279 174 2308 5
207 2268 284 2311 ὑπὲρ
312 2269 336 2299 S
366 2270 479 2308 vulg.:
511 2272 571 2303 ὑπὸ
596 2270 622 2300 L
650 2270 790 2301 Aristid.
817 2270 837 2300 ii
867 2270 931 2308 684
1124 2271 1162 2300 16
1188 2269 1238 2310 ἐν]
1269 2272 1307 2310 ἐμ
1336 2269 1372 2309 S,
1399 2270 1442 2302 cf.

111 2313 230 2343 inSCI‘r.
365 2323 402 2352 17
435 2316 576 2352 συνῆλθε
601 2315 631 2344 Α
764 2324 803 2351 24
836 2311 1112 2354 ὡμολογημένων]
1139 2313 1375 2353 ὀμωμοσμένων
1397 2313 1440 2351 Α,

111 2356 255 2429 esum}
267 2366 308 2429 ἷζε
464 2358 508 2387 26
531 2358 573 2389 τὰ
589 2358 742 2398 χρήματα
760 2358 783 2387 S
797 2357 822 2386 L
839 2357 881 2387 al.
898 2368 904 2388 :
931 2358 971 2388 τὰ
989 2356 1069 2387 secl.
1090 2356 1187 2386 Blass
1202 2368 1209 2387 ;
1233 2357 1274 2388 τὰ
1290 2357 1443 2398 χρήματα

110 2413 213 2432 'falstra

1484 117 1602 175 [459]

1487 306 1530 331 10

1486 970 1525 997 11

1485 1438 1525 1464 12

1477 2175 1520 2212 13
