1737 2734
118 843 156 864 10

119 1511 158 1532 20

174 119 272 173 xxv]
432 122 561 162 KAT‘
610 124 1164 162 ΑΡΙΣΤΟΓΕΙΤΟΝΟΣ
1213 124 1245 161 Α

172 231 402 278 ἐκκλησίαις
428 229 478 270 ὡς
503 228 592 269 δέον
617 232 857 280 στρεβλοῦν,
878 230 1021 279 λαβὼν
1047 227 1266 278 ὁτιδήποτε,
1290 227 1423 279 παρὼν
1448 226 1504 266 ὅτ’

172 296 327 347 ἀφίετο,
348 295 508 347 ἄφωνος
534 295 703 347 ἐγένετο.
760 295 832 345 τὴν
853 297 949 335 κατὰ
969 294 1224 345 Δημοκλέους
1245 293 1505 346 εἰσαγγελίαν

172 363 392 403 ἀνασείσας
428 366 498 402 ποῖ
531 362 718 414 ἕτρεψεν;
758 362 864 402 ἄλλα
899 363 1029 413 μυρία,
1063 363 1118 401 ὧν
1154 362 1242 411 ἐμοὶ
1277 363 1350 412 μὲν
1386 361 1505 412 ἔργον

172 428 357 469 ἁπάντων
375 431 612 479 μνησθῆναι,
635 429 685 469 σὺ
711 428 743 469 δ’
765 429 806 469 εὗ
826 428 898 469 οἶδ’
917 429 980 468 ὅτι
998 429 1061 469 καὶ
1081 430 1128 468 τὰ
1147 426 1357 480 ἀντίγραφ’
1377 426 1505 467 αὐτῶν

173 495 290 549 ἔχεις,
319 496 555 547 ἐργολαβῶν
584 495 698 549 αὐτῷ.
771 495 828 536 τίς
857 496 925 536 οὖν
956 496 977 533 ὁ
1005 495 1074 535 τὸν
1103 498 1280 534 τοιοῦτον
1311 494 1457 533 σώσων
1482 490 1504 543 ἢ

173 562 343 613 πονηρὸς
362 559 384 611 ἢ
405 562 598 615 χρηστός;
635 559 658 611 ἢ
678 563 741 602 διὰ
760 563 816 608 τί;
855 566 934 602 τῶν
952 564 1024 612 μὲν
1042 563 1115 613 γὰρ
1132 561 1277 612 ὁμοίων
1298 560 1504 612 προδότης,

173 632 252 668 τῶν
288 631 329 668 δὲ
362 632 549 681 χρηστῶν
586 630 728 681 ἐχθρὸς
761 630 804 668 ἐκ
841 629 1003 680 φύσεως
1038 628 1100 668 καὶ
1137 627 1288 679 γένους·
1327 627 1434 677 πλὴν
1473 628 1506 667 εἰ

175 694 428 746 συκοφάντου
456 712 515 736 τις
549 697 611 735 καὶ
641 699 812 747 πονηροῦ
843 695 1002 747 σπέρμα
1036 695 1097 734 καὶ
1128 695 1251 746 ῥίζαν,
1283 694 1507 745 ὡσπερανεὶ

175 762 360 814 γεωργός,
382 763 504 802 οἴεται
530 764 612 802 δεῖν
636 761 829 814 ὑπάρχειν
848 768 895 818 τῇ
921 762 1048 802 πόλει.
1109 765 1222 801 τοῦτο
1248 760 1279 801 δ’
1299 760 1344 801 οὐ
1370 762 1505 806 καλόν,

176 826 205 868 ὦ
225 828 363 879 ἄνδρες
382 827 597 877 Ἀθηναῖοι,
619 829 763 878 νομίζω
784 831 825 869 δὲ
844 830 899 879 μὰ
918 829 1008 870 τοὺς
1027 828 1138 869 θεοὺς
1158 826 1238 867 οὐδ’
1256 828 1383 867 ὅσιον·
1417 828 1506 868 οὐδὲ

175 897 250 946 γὰρ
275 895 365 936 τοὺς
394 895 609 946 προγόνους
638 895 913 946 ὑπολαμβάνω
944 897 991 934 τὰ
1021 893 1255 946 δικαστήρια
1285 893 1392 934 ταῦθ’
1418 895 1508 944 ὑμῖν

175 963 446 1011 οἰκοδομῆσαι,
475 963 538 1001 ἵνα
563 962 654 1003 τοὺς
677 962 879 1003 τοιούτους
910 963 952 1002 ἐν
978 961 1108 1003 αὐτοῖς
1136 961 1374 1014 μοσχεύητε,
1402 962 1508 1000 ἀλλὰ

175 1028 406 1068 τούναντίον
431 1027 479 1068 ἵν’
498 1029 706 1081 ἀνείργητε
731 1029 794 1068 καὶ
821 1027 1011 1078 κολάζητε
1037 1028 1099 1068 καὶ
1123 1029 1258 1078 μηδεὶς
1285 1027 1397 1077 ζηλοῖ
1419 1027 1507 1077 μηδ’

177 1095 342 1150 ἐπιθυμῇ
371 1096 516 1136 κακίας.

245 1160 617 1202 Δυσκατάπαυστον
646 1161 690 1201 δέ
718 1179 756 1202 τι
786 1162 997 1202 κινδυνεύει
1027 1161 1173 1213 πρᾶγμ’
1199 1161 1298 1201 εἶναι
1328 1161 1507 1211 πονηρία.

176 1229 274 1268 ὅπου
303 1229 378 1280 γὰρ
403 1228 710 1280 Ἀριστογείτων
741 1229 805 1268 ἐπὶ
835 1233 915 1270 τοῖς
947 1227 1266 1280 ὡμολογημένοις
1296 1226 1510 1277 ἀδικήμασι

178 1296 349 1346 κρίνεται
375 1295 437 1335 καὶ
461 1295 529 1334 οὐκ
556 1295 743 1335 ἀπόλωλε
770 1294 907 1340 πάλαι,
929 1296 967 1335 τί
990 1295 1064 1348 χρὴ
1085 1292 1253 1344 ποιεῖνῆ
1278 1293 1431 1346 λέγειν,·
1468 1293 1509 1334 ὃς

178 1364 233 1404 εἰς
257 1361 361 1402 τοῦθ’
381 1362 466 1412 ἥκει
491 1363 680 1414 πονηρίας
704 1362 798 1401 ὥστ’
825 1361 1118 1413 ἐνδεδειγμένος
1141 1361 1213 1411 ἤδη
1239 1365 1362 1412 βοῶν,
1391 1377 1507 1400 συκο-

178 1433 353 1481 φαντῶν,
391 1429 567 1469 ἀπειλῶν
603 1428 671 1468 οὐκ
708 1429 888 1474 ἐπαύετο,
925 1429 984 1470 οἷς
1020 1431 1093 1479 μὲν
1128 1430 1237 1478 ὑμεῖς
1272 1429 1319 1467 τὰ
1354 1427 1509 1479 μέγιστ’

178 1496 435 1549 ἐνεχειρίζετε
476 1499 726 1548 στρατηγοῖς,
767 1496 828 1535 ὅτι
866 1495 968 1549 αὐτῷ
1009 1495 1194 1547 ἀργύριον
1231 1496 1403 1535 αἰτοῦντι
1440 1494 1509 1533 οὐκ

177 1563 337 1610 ἔδοσαν,
363 1563 451 1603 οὐδὲ
477 1567 555 1603 τῶν
581 1563 792 1615 κοπρώνων
819 1562 866 1602 ἂν
891 1561 1108 1603 ἐπιστάτας
1135 1561 1300 1602 ἑλέσθαι
1326 1561 1507 1613 φάσκων,

178 1631 246 1670 οὐκ
289 1631 460 1671 ἐκείνους
499 1630 684 1683 ὑβρίζων,
726 1630 770 1669 οὔ
804 1628 983 1679 (ἐκείνοις
1020 1631 1093 1679 μὲν
1131 1630 1205 1681 γὰρ
1243 1627 1335 1678 ἐξῆν
1372 1627 1510 1679 μικρὸν

178 1696 363 1749 ἀργύριον
383 1700 497 1737 δοῦσι
521 1697 646 1750 τούτῳ
672 1696 724 1747 μὴ
746 1696 902 1736 ἀκούειν
926 1695 1072 1745 ταῦτα),
1096 1696 1202 1735 ἀλλὰ
1227 1695 1298 1744 τὴν
1317 1693 1510 1746 ὑμετέραν

178 1765 424 1816 χειροτονίαν
449 1764 751 1815 προπηλακίζων
777 1763 839 1803 καὶ
864 1765 932 1813 τῆς
961 1764 1079 1802 αὑτοῦ
1104 1763 1292 1814 πονηρίας
1323 1761 1511 1811 ἐπίδειξιν

145 1846 155 1853 ’
179 1830 425 1881 ποιούμενος,
467 1832 538 1872 τὰς
580 1832 622 1871 δὲ
665 1832 868 1881 κληρωτὰς
909 1831 1035 1882 ἀρχὰς
1077 1828 1329 1881 σπαράττων,
1375 1830 1508 1877 αἰτῶν,

180 1897 426 1949 εἰσπράττων
457 1898 656 1950 ἀργύριον,
687 1899 728 1937 τί
759 1897 878 1937 κακὸν
907 1896 951 1936 οὐ
981 1895 1187 1949 παρέχων,·
1225 1898 1274 1935 τὰ
1304 1898 1511 1935 τελευταῖα

180 1966 221 2004 δὲ
246 1965 356 2004 ταυτὶ
380 1964 530 2006 πάντας
556 1966 611 2006 εἰς
629 1963 807 2017 ταραχὴν
829 1964 891 2004 καὶ
916 1962 1063 2003 στάσιν
1082 1962 1305 2014 ἐμβάλλειν
1326 1960 1509 2012 ζητήσας,

180 2030 374 2082 γράμματ’
413 2031 577 2072 ἐκτιθεὶς
615 2033 757 2082 ψευδῆ,
797 2031 900 2072 ὅλως
939 2030 972 2070 δ’
1011 2030 1076 2070 ἐπὶ
1117 2034 1171 2084 τῷ
1210 2028 1368 2070 πάντων
1408 2032 1510 2083 κακῷ

180 2098 376 2149 πεφυκώς,
424 2098 486 2137 καὶ
527 2098 723 2149 πρόδηλος
772 2096 825 2137 ὢν
864 2098 925 2137 ὅτι
966 2097 1142 2138 τοιοῦτός
1188 2097 1277 2136 ἐστι
1317 2100 1370 2150 τῷ
1418 2096 1510 2149 βίῳ.

224 2218 240 2245 4
269 2208 391 2247 emm)
411 2212 484 2246 post
502 2206 651 2239 ἁπάντων
668 2206 743 2237 add.
765 2206 788 2236 S
801 2206 831 2236 Y
849 2206 912 2236 soli
1027 2206 1061 2238 εὖ
1077 2216 1144 2236 om.
1163 2206 1193 2236 A
1208 2205 1232 2236 F
1395 2215 1412 2243 7
1439 2206 1512 2237 ἐστι’

182 2256 258 2290 post
274 2250 387 2291 γένους
405 2251 480 2281 add.
499 2250 590 2289 vulg.
610 2262 614 2280 z
641 2260 705 2280 om.
725 2250 748 2280 S
766 2250 860 2280 solus
1002 2250 1022 2279 8
1047 2251 1153 2291 ὥσπερ
1172 2250 1196 2279 F
1341 2259 1379 2279 12
1405 2251 1511 2281 αὐτοῖς

181 2295 271 2334 vulg.
291 2306 297 2324 :
321 2294 448 2326 τούτοις
467 2294 490 2323 S
509 2293 602 2324 solus
794 2304 836 2324 20
861 2292 1075 2334 ἐνεχειρίζετε
1093 2293 1122 2322 Υ
1135 2293 1165 2323 Ο
1183 2304 1189 2322 :
1216 2291 1442 2334 ἐνεχειρίζεται
1462 2292 1486 2323 S
1504 2304 1510 2322 :

183 2337 380 2378 ἐγγειρίζετε
397 2337 429 2367 Α
442 2337 467 2366 F
600 2347 704 2367 20-21
732 2338 780 2368 ὅτι
799 2361 804 2366 .
824 2361 830 2367 .
854 2361 859 2367 .
880 2337 996 2368 ἔδοσαν
1012 2337 1092 2366 secl.
1112 2336 1205 2366 Weil
1346 2345 1387 2374 25
1412 2337 1511 2367 αἰτῶν

182 2391 246 2411 om.
274 2381 305 2410 A
449 2382 491 2410 26
521 2383 626 2412 κακῶν
651 2380 686 2419 F,
712 2381 754 2410 cf.
781 2380 861 2410 xviii
886 2381 939 2418 48,
966 2380 1024 2409 xix
1049 2389 1110 2410 201
1257 2389 1297 2418 27
1330 2379 1510 2419 ἐμβάλλειν

184 2424 207 2454 S
220 2424 249 2454 Y
262 2424 292 2455 O
310 2436 317 2454 z
342 2426 497 2464 ἐμβαλεῖν
514 2429 604 2462 cett„
624 2424 664 2454 cf.
684 2424 765 2454 xxiv
787 2433 846 2461 103

1534 122 1646 176 [784]

1539 1178 1582 1211 49

1545 1639 1586 1674 50
