1737 2734
144 152 254 207 {724]
715 155 1201 193 ΔΗΜΟΣΘΕΝΟΎΣ
1497 153 1613 206 [xxm

284 260 407 297 θεῖναι
427 258 494 298 τὸν
515 258 645 308 νόμον,
670 258 730 297 καὶ
755 257 807 307 μὴ
829 258 1101 309 συνενεγκόντ’
1127 260 1179 298 εἰς
1200 258 1317 298 ταύτὸ
1341 261 1388 298 τὰ
1412 260 1614 309 μέλλοντα

282 327 363 365 τοῖς
397 324 719 375 παρεληλυθόσιν
751 324 813 363 καὶ
845 326 893 364 τὰ
925 324 976 374 μὴ
1007 327 1108 373 δῆλα
1143 328 1223 366 τοῖς
1258 329 1444 376 φανεροῖς
1479 326 1610 376 ἀδική-

281 407 416 439 μασιν,
446 390 514 430 εἶτ’
541 391 605 430 ἐπὶ
630 393 729 430 πᾶσι
755 390 908 442 γράψαι
938 390 1008 440 τὴν
1039 390 1160 440 αὐτὴν
1187 392 1359 442 γνώμην.
1432 397 1512 434 πῶς
1538 395 1611 445 γὰρ

281 456 326 496 οὗ
350 457 478 497 δεινὸν
504 461 580 496 τῶν
602 457 726 497 αὐτῶν
748 457 953 506 ἠξιωκέναι
979 459 1139 498 δικαίων
1162 458 1250 498 τοὺς
1278 457 1611 510 ἐξεληλεγμένους

281 523 509 565 ἀδικοῦντας
529 523 600 572 τὴν
622 524 738 563 πόλιν
755 524 945 574 πρότερον
969 525 1029 563 καὶ
1050 524 1137 565 τοὺς
1159 523 1247 574 μηδ’
1268 525 1300 564 εἰ
1322 526 1486 576 κρίσεως
1500 525 1609 576 ἄξιον
1631 542 1648 572 5

280 589 520 641 ἐργάσονταί
541 606 577 629 τι
603 589 764 639 ὃήλονς,·

203 671 243 707 75
347 657 422 696 Καὶ
442 656 518 706 μὴν
535 657 713 696 κάκεῖθεν
734 659 806 696 ἴδοι
827 674 883 697 τις
904 656 951 696 ἂν
973 657 1022 697 ὡς
1043 657 1173 696 δεινὸν
1192 658 1402 706 πεποίηκεν
1419 658 1463 697 τὸ
1485 661 1609 698 θεῖναι

277 723 362 773 περὶ
388 726 464 763 τῶν
492 723 822 774 παρεληλυθότων
847 723 914 762 τὸν
941 724 1072 773 νόμον,
1097 725 1129 763 εἰ
1156 724 1365 774 λογίσαιτο
1392 724 1482 774 παρ’
1505 726 1606 779 αὐτῷ

274 789 314 828 τί
337 789 422 829 ποτ’
444 790 554 829 ἐστὶν
579 787 608 843 ᾧ
634 790 751 839 νόμος
776 789 1007 842 ὀλιγαρχίας
1035 789 1225 841 διαφέρει,
1248 791 1311 830 καὶ
1331 792 1370 830 τί
1394 789 1438 839 δή
1460 791 1547 831 ποθ’
1570 794 1606 832 οἱ

272 857 344 904 μὲν
376 856 448 896 ὑπὸ
477 857 605 905 νόμων
635 857 839 897 ἐθέλοντες
872 856 1065 908 ἄρχεσθαι
1101 857 1308 907 σώφρονες
1342 859 1402 897 καὶ
1435 860 1604 910 χρηστοὶ
1630 876 1664 897 10

273 923 507 972 νομίζονται,
535 925 569 962 οἱ
600 922 632 961 ’δ’
660 923 734 962 ὑπὸ
764 926 841 962 τῶν
870 923 1112 975 ὀλιγαρχιῶν
1144 923 1326 973 ἄνανδροι
1360 925 1422 963 καὶ
1454 927 1600 964 δοῦλοι.

198 996 242 1037 76
273 990 378 1039 εὕροι
398 991 472 1040 γὰρ
491 989 538 1028 ἂν
559 989 609 1030 ὡς
635 990 791 1038 ἀληθῶς
810 993 924 1028 τοῦτο
945 990 1264 1042 προχειρότατον,
1287 991 1347 1028 ὅτι
1367 993 1443 1029 τῶν
1468 992 1539 1040 μὲν
1561 993 1602 1031 ἐν

271 1059 355 1096 ταῖς
381 1056 629 1108 ὀλιγαρχίαις
656 1057 821 1096 ἕκαστος
848 1056 910 1095 καὶ
936 1057 982 1094 τὰ
1003 1055 1258 1107 πεπραγμένα
1283 1061 1405 1096 λῦσαι
1433 1058 1494 1096 καὶ
1514 1057 1602 1108 περὶ

271 1126 347 1161 τῶν
372 1123 604 1172 μελλόντων
630 1123 675 1162 ἂν
703 1122 802 1176 αὐτῷ
830 1125 923 1178 δοκῇ
945 1121 1166 1173 προστάξαι
1194 1123 1322 1174 κύριός
1352 1125 1474 1169 ἐστιν,
1498 1125 1534 1164 οἱ
1560 1126 1600 1164 δὲ

270 1189 383 1239 νόμοι
408 1189 495 1240 περὶ
515 1193 594 1228 τῶν
618 1189 850 1238 μελλόντων
876 1190 899 1228 ’ὰ
924 1189 997 1241 χρὴ
1018 1189 1227 1240 γίγνεσθαι
1250 1189 1481 1240 φράζουσιν,
1503 1192 1601 1240 μετὰ
1627 1208 1663 1241 15

269 1259 336 1295 τοῦ
362 1259 498 1296 πεῖσαι
523 1255 700 1297 τεθέντες
726 1255 776 1297 ὡς
808 1257 1042 1295 συνοίσουσι
1066 1259 1148 1297 τοῖς
1174 1255 1405 1308 χρωμένοις.
1477 1259 1598 1306 Τιμο-

271 1321 411 1372 κράτης
438 1324 568 1362 τοίνυν
589 1324 630 1362 ἐν
651 1322 993 1377 δημοκρατουμένῃ
1013 1327 1060 1378 τῇ
1084 1323 1199 1362 πόλει
1225 1325 1446 1373 νομοθετῶν
1467 1323 1538 1372 τὴν
1558 1325 1600 1363 ἐκ

128 1390 237 1444 [725]
269 1391 337 1438 τῆς
362 1390 595 1442 ὀλιγαρχίας
620 1390 770 1429 ὰόικίαν
797 1390 852 1430 εἰς
878 1389 945 1428 τὸν
972 1390 1091 1429 αὑτοῦ
1117 1390 1237 1439 νόμον
1263 1388 1514 1441 μετήνεγκεν,
1538 1391 1600 1430 καὶ

269 1456 356 1506 περὶ
376 1459 453 1495 τῶν
474 1457 804 1505 παρεληλυθότων
831 1456 948 1496 αὑτὸν
971 1456 1201 1507 κυριώτερον
1223 1460 1301 1496 τῶν
1327 1457 1600 1508 καταγνόντων

267 1524 465 1562 δικαστῶν
493 1522 637 1573 ἠξίωσε
665 1525 840 1572 ποιῆσαι.
1624 1541 1662 1562 20

192 1604 233 1638 77
336 1591 410 1629 Καὶ
452 1589 496 1629 οὐ
534 1593 646 1629 τοῦτο
689 1590 812 1639 μόνον
854 1590 1065 1638 πεποίηκεν
1106 1589 1350 1640 ὑβριστικόν,
1391 1589 1496 1629 ἀλλὰ
1537 1589 1600 1629 καὶ

266 1655 496 1707 γέγραπται,
527 1659 535 1672 ‘
555 1653 574 1705 ἦ
600 1656 644 1696 τὸ
669 1657 810 1696 λοιπὸν
840 1655 907 1695 ἐάν
933 1673 1009 1695 τινι
1036 1656 1283 1711 προστιμηθῇ
1310 1659 1471 1706 δεσμοῦ,
1499 1655 1599 1696 εἶναι

267 1722 564 1772 καταστήσαντι
597 1723 686 1764 τοὺς
726 1722 931 1774 ἐγγυητάς,
970 1721 989 1771 ἦ
1023 1723 1100 1772 μὴν
1140 1723 1344 1768 ἐκτείσειν,
1380 1722 1598 1774 ἀφεῖσθαιῖ

267 1791 390 1829 καίτοι
431 1792 530 1842 χρῆν
567 1789 698 1834 αὐτόν,
741 1790 773 1829 εἱ
810 1789 853 1828 τὸ
896 1788 1078 1828 δεδέσθαι
1115 1788 1242 1829 δεινὸν
1278 1789 1423 1840 ἡγεῖτο,
1461 1789 1598 1839 μηδενὶ

266 1860 488 1907 προστιμᾶν
508 1856 550 1898 ὃς
569 1856 616 1896 ἂν
637 1857 727 1906 ὑμῖν
750 1857 942 1908 ἐγγυητὰς
964 1856 1128 1911 καθιστῇ
1150 1858 1295 1905 δεσμοῦ
1320 1857 1595 1906 νομοθετῆσαι,
1622 1873 1658 1905 ²5

265 1923 316 1973 μὴ
342 1924 601 1975 προλαβόντα
631 1923 925 1974 κατεγνωκότας
952 1923 1048 1972 ὑμᾶς
1075 1921 1140 1962 τὸν
1167 1922 1314 1972 δεσμὸν
1339 1922 1427 1973 μηδ’
1448 1924 1598 1975 ἐχθρῶς

266 1990 449 2030 ὀιαθέντα
467 1990 562 2041 πρὸς
581 1991 678 2040 ὑμᾶς
695 1990 762 2030 τὸν
784 1989 1000 2035 ἑαλωκότα,
1023 1993 1231 2038 τηνικαῦτα
1248 1993 1374 2029 ποιεῖν
1394 1989 1464 2039 τὴν
1485 1989 1595 2040 ἐξεγ-

266 2056 422 2109 γύησιν.
494 2057 578 2097 νυνὶ
613 2056 658 2101 δ’,
691 2057 825 2107 ὥσπερ
857 2056 1148 2105 ἐνδεικνύμενος
1182 2057 1252 2101 ὅτι,
1286 2055 1357 2095 κᾶν
1385 2056 1475 2106 ὑμῖν
1505 2059 1598 2112 δοκῇ

267 2122 452 2163 δεδέσθαι
482 2123 582 2169 τινά,
614 2123 728 2164 αὐτὸς
759 2121 921 2174 ἀφήσει,
951 2126 1089 2162 τοῦτον
1115 2122 1184 2162 τὸν
1209 2123 1356 2173 τρόπον
1381 2122 1449 2162 τὸν
1478 2123 1599 2172 νόμον

193 2194 236 2236 78
269 2189 510 2241 εἰσήνεγκεν.
584 2190 643 2241 ἆρ’
669 2190 737 2230 οὖν
763 2207 814 2243 τῳ
842 2192 949 2229 δοκεῖ
972 2188 1189 2241 συμφέρειν
1214 2189 1259 2244 τῇ
1287 2189 1400 2229 πόλει
1425 2192 1598 2230 τοιοῦτος
1619 2203 1659 2234 3ο

269 2258 386 2306 νόμος
415 2257 456 2298 ὃς
483 2258 734 2307 (δικαστηρίου
760 2256 947 2307 γνώσεως
979 2255 1092 2297 αὐτὸς
1121 2256 1349 2307 κυριώτερος
1380 2255 1506 2300 ἔσται,
1537 2255 1598 2295 καὶ

317 2375 355 2396 10
379 2366 428 2397 καὶ
448 2365 603 2405 ἐλεύθεροι
624 2372 698 2404 post
717 2367 879 2406 σώφρονες
897 2366 970 2395 add.
986 2365 1014 2395 Α
1032 2365 1073 2395 al.
1092 2376 1098 2394 t
1123 2376 1187 2395 om.
1204 2365 1226 2394 S
1242 2365 1265 2394 F
1372 2367 1503 2397 πολῖται
1522 2370 1598 2405 post

274 2411 407 2449 χρηστοὶ
426 2410 500 2438 add.
522 2412 544 2438 ,δ’
561 2410 582 2438 F
597 2409 623 2438 Y
637 2409 667 2438 O
685 2420 691 2438 τ
717 2419 780 2438 om.
801 2409 831 2438 A
936 2419 976 2438 22
1001 2409 1181 2449 γέγραπται
1201 2409 1224 2438 S
1239 2409 1262 2438 F
1275 2408 1304 2438 Υ
1317 2408 1367 2440 O:
1392 2409 1598 2449 γέγραφενΑ

272 2463 311 2490 27
338 2452 486 2484 διαθέντα
505 2452 539 2484 F.
559 2453 598 2482 cs.
619 2453 724 2483 schol.
747 2463 776 2492 p.
799 2454 871 2491 763,
894 2462 926 2481 11
947 2464 953 2482 z
979 2454 1164 2484 διατεθέντα
1183 2454 1205 2482 S
1219 2452 1247 2482 Y
1264 2452 1294 2483 O
