1737 2734
186 131 308 186 xxm]
504 134 632 174 KAT‘
676 136 1194 175 ΑΡΙΣΤΟΚΡΑΤΟΎΣ
1545 134 1661 189 [645]

180 240 358 292 ἐμπεσὸν
377 240 544 297 πατάξῃ,
568 241 630 281 καὶ
650 240 718 281 τὸν
742 243 816 292 μὲν
839 240 1007 292 βαλόντ’
1027 241 1150 296 ἀγνοῇ
1171 257 1242 286 τις,
1264 238 1358 280 αὐτὸ
1376 238 1409 279 δ’
1430 240 1514 296 εἰδῇ

182 308 245 348 καὶ
270 307 344 363 ἔχῃ
369 307 414 347 τὸ
438 306 506 347 τὸν
532 308 659 359 φόνον
683 307 960 359 εἰργασμένον,
987 308 1138 348 τούτοις
1163 308 1331 347 ἐνταῦθα
1354 306 1510 360 λαγχά-

179 390 301 415 νεται.
357 376 390 414 εἰ
410 375 543 414 τοίνυν
557 378 635 414 τῶν
655 374 826 427 ἀψύχων
846 375 909 415 καὶ
926 373 978 425 μὴ
998 374 1248 427 μετεχόντων
1266 376 1334 413 τοῦ
1349 377 1512 426 φρονεῖν

180 440 293 481 οὐδέν
320 440 405 481 ἐσθ’
430 443 556 487 ὅσιον,
584 441 766 492 τοιαύτην
797 441 892 495 ἔχον
921 442 1063 488 αἰτίαν,
1091 443 1160 481 ε’ἇν
1189 440 1361 492 ἄκριτον,
1388 439 1412 490 ἦ
1437 457 1512 481 που

139 529 157 559 5
179 508 249 547 τόν
278 507 314 560 γ’
342 508 549 548 ἀδικοῦντα
581 510 653 558 μὲν
683 507 808 554 οὐδέν,
842 509 910 548 ἐὰν
939 508 1052 564 τύχῃ,
1080 507 1190 558 θήσω
1223 507 1257 548 δ’
1288 508 1508 553 ἀδικοῦντα,

178 574 270 614 ἀλλ’
290 574 498 627 ἄνθρωπόν
522 574 557 626 γΖ
579 576 674 615 ὅντα
699 575 762 615 καὶ
786 575 1056 626 μετειληφότα
1080 571 1141 631 [τῇ
1160 571 1275 630 τύχῃ]
1298 576 1367 624 τῆς
1392 574 1511 625 αὐτῆς

176 642 269 691 ἡμῖν
286 642 460 693 φύσεως,
479 641 644 681 ἀνόσιον
665 642 726 682 καὶ
747 641 875 682 δεινὸν
894 641 987 682 ἄνευ
1004 642 1128 693 λόγου
1149 642 1209 682 καὶ
1226 639 1368 694 ψήφου
1383 644 1510 682 ποιεῖν

176 710 340 748 ἔκδοτον
367 708 426 748 ἐπ’
453 708 558 762 αἰτίᾳ
582 708 753 764 τοιαύτῃ.

237 775 329 815 Ἔτι
361 776 491 815 τοίνυν
529 774 708 826 πέμπτον
749 773 1004 826 δικαστήριον
1044 774 1147 815 ἄλλο
1190 774 1385 815 θεάσασθ’
1424 776 1508 816 οῖον
1539 790 1582 824 77

120 862 156 884 10
175 841 444 893 ὑπερβέβηκε,
464 841 509 881 τὸ
535 843 576 882 ἐν
597 845 804 894 Φρεαττοῖ.
865 842 1033 882 ἐνταῦθα
1057 841 1146 894 γάρ,
1173 840 1202 882 ὦ
1229 841 1368 894 ἄνδρες
1387 841 1505 893 Ἀθη-

174 911 289 954 ναῖοι,
320 909 470 949 κελεύει
494 910 604 950 δίκας
632 907 796 962 ὑπέχειν
826 909 846 948 ὁ
877 909 1007 959 νόμος,
1038 907 1129 949 ἐ’άν
1157 925 1216 951 τις
1247 908 1308 949 ἐπ’
1334 909 1506 964 ἀκουσίῳ

174 976 286 1029 φόνῳ
312 975 534 1027 πεφευγώς,
560 974 676 1026 μήπω
701 979 780 1015 τῶν
806 975 1092 1025 ἐκβαλλόντων
1115 975 1234 1016 αὐτὸν
1262 975 1504 1032 ᾐδεσμένων,

172 1043 303 1083 αἰτίαν
327 1042 401 1098 ἔχῃ
426 1041 561 1094 ἑτέρου
585 1042 711 1094 φόνου
736 1041 944 1083 ἑκουσίου.’
1015 1042 1077 1081 καὶ
1107 1042 1194 1095 οὐχ,
1219 1043 1280 1082 ὅτι
1305 1041 1407 1094 δεῦρ’
1431 1042 1506 1096 οὐχ
1537 1042 1657 1097 [646]

172 1108 256 1149 οἷόν
281 1108 314 1149 τ’
341 1111 472 1149 ἐλθεῖν
503 1108 619 1163 αὐτῷ,
647 1112 830 1161 παρεῖδεν
860 1108 978 1148 αὐτὸν
1008 1110 1028 1148 ὁ
1057 1108 1165 1148 ταῦθ’
1190 1109 1341 1149 ἕκαστα
1370 1108 1503 1160 τάξας,

114 1193 150 1226 15
171 1175 265 1221 οὐδ’,
305 1177 365 1215 ὅτι
405 1177 468 1216 καὶ
505 1176 696 1228 πρότερόν
735 1192 773 1216 τι
810 1179 987 1215 τοιοῦτον
1025 1176 1202 1225 ἐποίησε,
1245 1175 1308 1215 καὶ
1349 1175 1395 1226 δὴ
1434 1176 1506 1226 τὴν

171 1243 311 1293 ὁμοίαν
348 1241 567 1292 ἐποιήσατο
605 1242 754 1293 πιστὴν
788 1243 918 1282 αἰτίαν
957 1241 1039 1282 κατ’
1076 1242 1206 1289 αὐτοῦ,
1244 1243 1352 1282 ἀλλὰ
1390 1244 1437 1283 τό
1470 1243 1505 1283 τ’
1536 1250 1580 1291 78

170 1309 340 1360 εὐσεβὲς
369 1309 480 1361 εὗρεν
505 1311 611 1351 ὅπως
640 1309 766 1355 ἔσται,
795 1310 975 1350 κάκεῖνον
1000 1309 1068 1349 οὐκ
1098 1308 1352 1362 ἀπεστέρησε
1380 1310 1504 1362 λόγου

172 1377 234 1416 καὶ
267 1377 444 1428 κρίσεως.
514 1377 554 1416 τί
582 1376 650 1417 οὖν
681 1377 889 1427 ἐποίησεν,·
927 1376 1053 1429 ἤγαγε
1082 1376 1172 1418 τοὺς
1202 1375 1438 1419 δικάσοντας
1468 1377 1508 1417 οῖ

170 1446 409 1495 προσελθεῖν
439 1444 521 1483 οῖόν
550 1442 583 1482 τ’
609 1445 758 1498 ἐκείνῳ,
784 1445 854 1493 τῆς
883 1443 1015 1496 χώρας
1045 1443 1255 1494 ἀποδείξας
1285 1444 1407 1484 τόπον
1431 1443 1503 1484 τιν’

110 1526 149 1547 20
170 1511 211 1550 ἐν
237 1513 436 1562 Φρεαττοῖ
459 1510 702 1561 καλούμενον
727 1511 791 1551 ἐπὶ
818 1509 1007 1566 θαλάττῃ.
1068 1510 1139 1551 εἶθ’
1165 1511 1185 1550 ὁ
1209 1513 1283 1561 μὲν
1308 1511 1351 1551 ἐν
1376 1512 1502 1565 πλοίῳ

168 1577 456 1628 προσπλεύσας
481 1575 593 1629 λέγει
618 1579 687 1627 τῆς
711 1579 783 1629 γῆς
809 1576 882 1630 οὐχ
909 1578 1142 1628 ἁπτόμενος,
1170 1579 1207 1618 οἱ
1232 1577 1266 1618 δ’
1286 1578 1503 1630 ἀκροῶνται

170 1644 232 1683 καὶ
252 1643 476 1694 δικάζουσιν
497 1645 539 1683 ἐν
558 1644 603 1699 τῇ
625 1644 688 1699 γῇ·
727 1643 798 1684 κᾶν
817 1646 889 1695 μὲν
909 1645 1006 1698 ἁλῷ,
1029 1644 1100 1695 τὴν
1120 1645 1185 1685 ἐπὶ
1204 1648 1286 1686 τοῖς
1307 1646 1503 1687 ἑκουσίοις

168 1711 308 1761 φόνοις
344 1711 455 1760 δίκην
490 1710 611 1750 ἔδωκε
648 1711 815 1756 δικαίως,
852 1709 901 1751 ἂν
937 1711 970 1751 δ’
1009 1712 1214 1768 ἀποφύγῃ,
1251 1711 1395 1762 ταύτης
1429 1714 1502 1762 μὲν

167 1778 294 1832 ἀθῷος
320 1778 493 1829 ἀφίεται,
519 1776 591 1827 τὴν
616 1777 648 1817 δ’
674 1778 738 1818 ἐπὶ
764 1781 815 1832 τῷ
841 1778 1033 1829 πρότερον
1053 1779 1164 1833 φόνῳ
1191 1778 1323 1831 φυγὴν
1347 1777 1500 1832 ὑπέχει.

108 1860 144 1891 25
166 1844 270 1886 τίνος
295 1845 364 1884 οὖν
384 1843 472 1884 ποθ’
493 1845 624 1885 εἵνεκα
642 1844 750 1884 ταῦθ’
772 1845 872 1884 οὕτω
893 1845 1226 1892 διεσπούδασται,·
1266 1847 1356 1886 ἴσον
1374 1845 1500 1898 ἡγεῖτ’
1532 1856 1576 1892 79

166 1910 342 1961 ἀσέβημ’
362 1911 382 1950 ὁ
401 1914 523 1951 ταῦτα
542 1913 702 1964 διαιρῶν
718 1911 787 1950 τόν
802 1910 836 1950 τ’
853 1911 1046 1952 ἀδικοῦντ’
1064 1913 1132 1952 ἐᾶν
1154 1913 1217 1952 καὶ
1237 1912 1304 1953 τὸν
1324 1913 1500 1953 ἀναίτιον

165 1978 361 2018 ἐκδιδόναι
390 1981 464 2030 πρὸ
499 1977 619 2028 δίκης.
694 1979 819 2018 καίτοι
849 1980 884 2018 εἶ
913 1978 1000 2030 περὶ
1026 1982 1105 2019 τῶν
1135 1979 1394 2031 ἀνδροφόνων
1421 1983 1500 2019 τῶν

213 2097 224 2117 1
252 2090 303 2129 ἴδῃ
321 2087 352 2117 Α
365 2087 394 2116 Y
409 2087 439 2117 O
573 2096 591 2116 2
616 2087 778 2128 λαγχάνει
795 2088 824 2118 Α
838 2088 860 2118 S
877 2101 928 2130 ’γρ-
1066 2090 1088 2119 6
1111 2092 1152 2132 τῇ
1170 2088 1257 2131 τύχῃ
1275 2089 1354 2119 secl.
1374 2089 1500 2128 Taylor

166 2141 183 2170 7
209 2131 311 2171 λόγου
327 2132 379 2162 καὶ
396 2141 462 2161 om.
482 2130 512 2161 A
689 2141 710 2170 9
734 2132 818 2163 ἄλλο
835 2142 901 2162 om.
922 2132 945 2161 S
962 2143 967 2160 z
994 2132 1069 2163 add.
1088 2138 1166 2163 cett.
1186 2138 1219 2163 et
1239 2133 1406 2171 Harpocr.
1426 2143 1452 2164 S.
1466 2143 1494 2162 v.

166 2175 220 2206 Ἐν
248 2177 410 2216 Φρεαττοῖ
596 2183 634 2203 12
674 2175 908 2211 εκβαλλόντων
940 2174 977 2206 S¹
1011 2181 1045 2206 et
1078 2175 1245 2215 Harpocr.
1280 2177 1353 2206 cod.
1389 2186 1498 2206 unus:

167 2218 377 2253 ἐκβαλόντων
401 2217 489 2256 vulg.
674 2218 712 2247 18
744 2220 850 2250 ἐκεῖσε
875 2217 908 2250 οῗ
932 2218 956 2248 F
1135 2229 1176 2258 19
1208 2219 1274 2251 οἶόν
1301 2233 1338 2251 τε
1367 2218 1406 2256 ἧν
1429 2219 1499 2250 AF

164 2271 207 2291 ρο
233 2262 283 2292 ἐπὶ
301 2260 465 2298 θαλάττης
488 2260 655 2300 Harpocr.
792 2271 833 2291 22
859 2263 910 2293 ἐπὶ
927 2264 986 2300 τῆς
1001 2264 1063 2303 γῆς
1082 2261 1249 2302 Harpocr.
1386 2274 1427 2302 24
1451 2267 1497 2304 τῷ

163 2304 321 2345 πρότερον
347 2303 469 2341 SYO,
497 2305 537 2335 cs.
566 2308 581 2341 ξ
610 2314 660 2344 79.
686 2304 745 2334 xix
769 2305 823 2343 84,
852 2315 898 2334 xx
922 2306 983 2336 81:
1015 2309 1059 2346 τῷ
1084 2306 1226 2348 προτέρῳ
1251 2305 1366 2345 vulg.:
1399 2306 1497 2347 ἑτέρῳ

165 2347 334 2387 Harpoer.
481 2346 606 2389 φυγὴν]
641 2348 733 2386 δίκην
764 2348 816 2378 A:
856 2348 936 2379 secl.
972 2348 1107 2379 Dobree
1285 2359 1325 2387 27
1350 2350 1495 2380 alterum

162 2394 228 2423 τῶν
244 2401 308 2421 om.
331 2390 361 2420 A
