1737 2734
187 113 256 168 xx]
575 117 734 154 ΠΡΟΣ
783 117 1118 154 AEHTINHN
1544 116 1661 170 [492]

251 220 336 272 Χρὴ
362 221 506 265 τοίνυν,
533 218 562 260 ὦ
593 220 729 272 ἄνδρες
755 220 970 270 Ἀθηναῖοι,
998 219 1143 259 κάκεῖν’
1169 221 1423 269 ἐνθυμεῖσθαι
1449 219 1511 258 καὶ
1544 225 1610 258 118

184 289 288 339 ὁρᾶν,
316 288 378 327 ὅτι
407 291 474 327 νῦν
499 288 748 337 ὀμωμοκότες
779 289 874 326 κατὰ
899 286 988 328 τοὺς
1013 287 1155 337 νόμους
1179 285 1358 326 δικάσειν
1382 285 1509 335 ἥκετε,

183 354 271 407 οὐχὶ
297 354 387 395 τοὺς
414 355 732 404 Λακεδαιμονίων
757 354 844 393 οὐδὲ
866 355 1075 404 Θηβαίων,
1103 352 1183 393 οὐδ’
1203 353 1260 393 οῖς
1286 351 1372 392 ποτ’
1393 351 1509 404 ἐχρή-

184 420 297 460 σανθ’
323 423 359 460 οἱ
389 424 536 471 πρῶτοι
565 424 643 460 τῶν
672 421 891 472 προγόνων,
920 421 1026 460 ἀλλὰ
1057 419 1141 459 καθ’
1167 419 1232 460 οὓς
1261 419 1413 469 ἔλαβον
1443 420 1512 460 τὰς

145 505 162 535 5
183 488 363 528 ἀτελείας
395 487 461 528 οὓς
494 487 719 539 ἀφαιρεῖται
753 490 821 526 νῦν
855 487 966 528 οὗτος
998 490 1050 540 τῷ
1083 487 1203 540 νόμῳ,
1239 486 1301 526 καὶ
1334 487 1422 537 περὶ
1458 486 1512 526 ὧν

182 553 231 594 ἂν
266 554 378 604 νόμοι
414 553 465 604 μὴ
503 552 590 600 ὦσι,
626 554 762 609 γνώμῃ
793 559 840 610 τῇ
878 553 1102 609 δικαιοτάτῃ
1140 556 1296 605 κρινεῖν.
1369 556 1509 594 καλῶς.
1543 551 1662 606 [493]

183 620 227 660 τὸ
255 622 386 660 τοίνυν
415 622 483 669 τῆς
514 621 672 672 γνώμης
702 620 798 672 πρὸς
832 619 972 660 ἅπαντ’
1003 619 1238 671 ἀνενέγκατε
1273 619 1342 660 τὸν
1375 619 1509 670 νόμον.

183 687 243 738 ’ἆρ’
268 687 335 727 οὖν
365 688 527 731 δίκαιον,
555 684 583 725 ὦ
614 687 752 737 ἄνδρες
778 686 993 737 Ἀθηναῖοι,
1022 687 1110 728 τοὺς
1141 685 1346 738 εὐεργέτας
1375 688 1509 736 τιμᾶν;
1545 700 1611 736 119

183 754 344 794 δίκαιον.
406 755 447 793 τί
480 753 541 800 δέ;
581 753 643 792 ὅσ’
677 753 723 793 ἂν
757 757 809 807 δῷ
846 770 904 795 τις
941 752 1058 803 ἅπαξ,
1091 754 1242 793 δίκαιον
1278 753 1387 807 ἔχειν
1422 754 1510 799 ε’ἇν;

4 843 6 863 1
125 836 164 857 10
182 821 344 860 δίκαιον.
416 823 537 860 ταῦτα
573 821 704 860 τοίνυν
736 820 849 860 αὐτοί
877 836 920 860 τε
954 823 1114 865 ποιεῖτε,
1142 819 1192 860 ἵν’
1225 819 1422 871 εὐορκῆτε,
1451 820 1512 859 καὶ

182 886 272 928 τοὺς
307 888 525 938 προγόνους
561 886 760 939 ὀργίζεσθ’
793 886 841 927 ἂν
876 885 929 937 μή
966 903 1025 928 τις
1059 892 1117 943 φῇ
1149 890 1289 932 ποιεῖν,
1326 887 1388 927 καὶ
1423 886 1512 927 τοὺς

182 955 230 993 τὰ
249 957 410 993 τοιαῦτα
432 953 625 1006 λέγοντας
649 954 958 1006 παραδείγματα,
987 953 1038 995 ὡς
1062 953 1121 1005 ἄρ’
1142 955 1284 993 ἐκεῖνοι
1308 952 1450 1005 μεγάλ’
1471 953 1512 994 εὖ

182 1021 376 1062 παθόντες
413 1019 540 1060 οὐδέν’
577 1021 782 1070 ἐτίμησαν,
822 1020 883 1060 καὶ
920 1020 1113 1072 πονηροὺς
1153 1021 1215 1060 καὶ
1253 1020 1512 1062 ἀπαιδεύτους

182 1086 335 1138 ἡγεῖσθ’
367 1087 478 1133 εἶναι,
511 1086 704 1138 πονηροὺς
732 1089 804 1137 μὲν
835 1088 933 1127 διότι
965 1087 1280 1139 καταψεύδονται
1309 1091 1386 1127 τῶν
1415 1103 1510 1139 προ-

126 1168 162 1201 15
182 1154 311 1205 γόνων
329 1155 437 1204 ὑμῶν
457 1154 507 1195 ὡς
528 1154 770 1207 ἀχαρίστων,
789 1154 952 1204 ἀμαθεῖς
972 1156 1012 1193 δὲ
1033 1155 1133 1194 διότι
1153 1153 1268 1194 ἐκεῖν’
1285 1154 1510 1206 ἀγνοοῦσιν,

181 1221 243 1260 ὅτι
272 1222 305 1260 εἰ
335 1222 382 1260 τὰ
410 1220 588 1272 μάλιστα
617 1219 725 1260 ταῦθ’
754 1222 876 1262 οὕτως
911 1220 1031 1274 εἶχεν,
1064 1222 1269 1273 ἀρνεῖσθαι
1300 1223 1458 1271 μᾶλλον
1487 1218 1509 1270 ἢ

181 1287 316 1339 λέγειν
340 1287 472 1329 αὐτοῖς
496 1289 709 1340 προσ-ἧκεν.

248 1355 397 1405 Οἵομαι
425 1355 556 1394 τοίνυν
587 1354 649 1394 καὶ
679 1358 816 1394 τοῦτον
840 1354 908 1394 τὸν
935 1355 1060 1406 λόγον
1085 1355 1284 1404 Λεπτίνην
1315 1355 1431 1406 ἐρεῖν,
1459 1354 1510 1396 ὡς
1545 1371 1611 1397 120

180 1423 250 1463 τὰς
275 1422 429 1463 εἰκόνας
460 1421 521 1461 καὶ
546 1421 617 1472 τὴν
644 1422 805 1471 σίτησιν
830 1422 898 1462 οὐκ
928 1422 1156 1474 ἀφαιρεῖται
1180 1425 1258 1461 τῶν
1284 1421 1511 1473 εἰληφότων

124 1503 162 1525 20
181 1489 202 1528 ὁ
226 1489 357 1539 νόμος,
386 1488 475 1529 οὐδὲ
498 1490 568 1538 τῆς
593 1488 748 1530 πόλεως
772 1488 816 1528 τὸ
841 1491 956 1539 τιμᾶν
981 1488 1071 1529 τοὺς
1100 1489 1215 1529 ὄντας
1245 1487 1389 1538 ἀξίους,
1417 1487 1510 1528 ἀλλ’

181 1555 295 1595 ἔσται
320 1558 493 1609 χαλκοῦς
519 1554 676 1596 ἱστάναι
707 1555 768 1595 καὶ
795 1556 955 1605 σίτησιν
980 1555 1129 1595 διδόναι
1155 1555 1216 1594 καὶ
1239 1554 1332 1595 ἄλλ’
1356 1556 1378 1594 ὅ
1402 1572 1438 1594 τι
1463 1554 1511 1595 ἂν

180 1622 400 1672 βούλησθε,
439 1622 544 1672 πλὴν
580 1622 730 1662 τούτου.
803 1622 880 1673 ἐγὼ
917 1621 948 1661 δ’
983 1623 1079 1673 ὑπὲρ
1115 1623 1169 1662 ὧν
1204 1623 1277 1672 μὲν
1312 1627 1360 1678 τῇ
1395 1622 1511 1662 πόλει

182 1689 433 1729 καταλείπειν
473 1688 608 1741 φήσει,
649 1692 817 1728 τοσοῦτο
856 1688 976 1740 λέγω·
1025 1689 1119 1728 ὅταν
1157 1690 1211 1728 ὧν
1249 1688 1419 1728 ἐδώκατέ
1456 1705 1508 1743 τῳ

180 1757 372 1807 πρότερόν
397 1773 446 1802 τι,
473 1755 575 1795 τοῦτ’
601 1755 822 1807 ἀφέλησθε,
853 1757 914 1795 καὶ
944 1757 1014 1797 τὰς
1043 1756 1286 1796 ὑπολοίπους
1316 1756 1509 1796 ἀπίστους

121 1838 159 1870 25
180 1821 367 1872 ποιήσετε
397 1822 529 1864 πάσας
559 1821 732 1874 δωρειάς.
803 1823 844 1862 τί
866 1823 940 1874 γὰρ
965 1822 1078 1862 ἔσται
1110 1822 1347 1874 πιστότερον
1371 1822 1415 1862 τὸ
1440 1825 1509 1872 τῆς

180 1890 330 1931 εἰκόνος
355 1886 377 1939 ἦ
403 1891 472 1939 τῆς
498 1888 694 1939 σιτήσεως
719 1886 741 1938 ἢ
767 1889 812 1928 τὸ
836 1892 906 1940 τῆς
933 1889 1125 1934 ἀτελείας,
1148 1888 1194 1939 ἣν
1215 1889 1407 1941 πρότερόν
1425 1905 1507 1929 τισι

179 1956 314 1997 δόντες
343 1956 592 2012 ἀφῃρημένοι
617 1959 830 2008 φανεῖσθε,·
869 1956 925 1996 ἔτι
956 1955 989 1995 δ’
1016 1957 1049 1996 εἰ
1078 1958 1201 2006 μηδὲν
1230 1957 1375 2006 ἔμελλε
1404 1955 1506 1995 τοῦτ’
1541 1969 1602 1995 121

179 2023 345 2063 ἔσεσθαι
386 2023 590 2076 δυσχερές,
629 2022 708 2062 οὐδ’
747 2024 873 2062 ἐκεῖνο
915 2026 1045 2064 καλῶς
1087 2023 1195 2076 ἔχειν
1233 2023 1412 2074 ἡγοῦμαι,
1452 2024 1506 2063 εἷς

178 2089 360 2139 τοιαύτην
393 2090 505 2141 ἄγειν
533 2088 707 2141 ἀνάγκην
737 2089 809 2138 τὴν
838 2090 956 2130 πόλιν
989 2089 1038 2129 δι’
1064 2089 1108 2139 ἧς
1138 2090 1315 2131 ἅπαντας
1345 2089 1390 2139 ἐξ
1417 2091 1506 2129 ’ίσου

221 2211 239 2237 4
266 2201 294 2231 οἱ
311 2201 369 2241 πρὸ
386 2202 443 2231 τοῦ
461 2201 541 2241 [τῶν
557 2199 740 2241 προγόνων]
762 2199 895 2229 Dobree
1029 2200 1050 2229 6
1074 2201 1191 2239 κρινεῖν
1208 2199 1231 2230 S
1249 2199 1337 2238 vulg„
1357 2210 1363 2229 :
1389 2199 1506 2239 κρίνειν

179 2243 287 2273 LAY
301 2243 331 2274 O
445 2247 550 2275 καλῶς
567 2244 648 2274 secl.
668 2243 894 2280 Herwechen,
916 2242 956 2272 cf.
976 2243 1059 2272 xxiii
1081 2252 1141 2280 124
1293 2253 1330 2272 21
1358 2244 1408 2274 καὶ
1426 2247 1505 2273 ante

177 2289 320 2326 χαλκοῦς
348 2287 423 2317 add.
450 2286 580 2316 LFX:
612 2297 676 2316 om.
704 2286 854 2316 SAYO
1021 2296 1063 2323 23
1096 2289 1288 2318 καταλιπεῖν
1313 2286 1341 2317 Y
1356 2285 1432 2325 FO,
1461 2287 1501 2317 cs.

179 2332 215 2366 ,εξ
238 2340 297 2368 123
316 2330 410 2369 (bis),
433 2340 493 2368 129
620 2331 699 2370 φησὶ
717 2329 747 2359 Α
764 2329 864 2360 Vind.
887 2339 912 2363 1,
933 2329 973 2359 cs.
996 2331 1010 2365 ξ
1035 2339 1094 2366 123
1231 2331 1310 2361 ὅταν
1326 2329 1375 2361 A:
1402 2329 1448 2361 ὅτ’
1467 2331 1505 2361 ἂν

177 2373 571 2405 SYOptssrthLX
705 2372 1294 2411 26⁴?JrfisA:¹h‘rb7-fisSLvulg.
