1737 2734
87 120 194 175 [617]
231 121 717 159 ΔΗΜΟΣΘΕΝΟὙΣ
760 117 891 158 ΚΑΤ’
935 121 1389 159 ΑΝΔΡΟΤΙΩΝΟΣ
1444 117 1550 171 [xxu

226 240 330 274 ματα
361 226 433 273 μὲν
470 225 545 275 γὰρ
581 227 754 263 πλεῖστα
789 227 867 263 τῶν
897 223 1106 273 Ἑλλήνων
1135 226 1230 264 ποτὲ
1260 226 1374 277 σχὼν
1408 224 1551 265 ἅπανθ’

229 292 322 341 ὑπὲρ
346 290 573 341 φιλοτιμίας
590 288 810 339 ἀνήλωσεν,
833 290 1032 342 εἰσφέρων
1057 290 1089 329 δ’
1110 292 1152 330 ἐκ
1176 293 1253 330 τῶν
1280 292 1388 331 ἰδίων
1411 291 1550 332 οὐδένα

227 357 384 396 πώποτε
405 358 582 396 κίνδυνον
598 357 694 408 ὑπὲρ
714 355 830 405 δόξης
846 354 1000 406 ἐξέστη.
1053 356 1123 408 ἀφ’
1139 358 1192 396 ὧν
1212 357 1372 407 κτήματ’
1388 357 1550 397 ἀθάνατ’

225 423 326 476 αὐτῷ
354 424 567 474 περίεστιν,
590 423 635 461 τὰ
660 424 732 472 μὲν
757 427 834 462 τῶν
861 424 985 474 ἔργων
1010 423 1032 473 ἡ
1057 422 1202 473 μνήμη,
1223 426 1271 462 τὰ
1296 426 1336 463 δὲ
1357 427 1434 463 τῶν
1454 424 1546 464 ἀνα-

226 489 409 539 θημάτων
433 493 512 528 τῶν
536 488 596 528 ἐπ’
623 490 784 530 ἐκείνοις
815 489 1041 529 σταθέντων
1066 489 1110 528 τὸ
1137 489 1297 535 κάλλος,
1324 491 1550 541 προπύλαια
1570 531 1581 539 ι

225 559 357 599 ταῦτα,
391 556 411 594 ὁ
441 556 657 605 παρθενών,
694 556 820 601 στοαί,
856 556 1074 601 νεώσοικοι,
1110 556 1178 595 οὐκ
1208 557 1450 608 ἀμφορίσκοι
1481 557 1548 596 δύο

225 621 312 661 οὐδὲ
332 623 516 674 χρυσίδες
536 621 717 672 τέτταρες
737 619 759 671 ἢ
779 626 893 672 τρεῖς,
916 622 1053 674 ἄγουσ’
1074 622 1220 671 ἑκάστη
1239 625 1352 673 μνᾶν,
1376 622 1432 669 ἃς,
1454 625 1548 663 ὅταν

150 703 193 737 77
227 705 292 727 σοι
312 691 417 744 δοκῇ,
440 688 490 727 σὺ
510 688 630 728 πάλιν
655 687 825 740 γράψεις
852 689 1149 740 καταχωνεύειν.
1221 690 1266 729 οὐ
1290 691 1366 740 γὰρ
1391 690 1549 731 ἑαυτοὺς

224 755 509 799 δεκατεύοντες,
521 754 599 794 οὐδ’
616 755 663 794 ἂν
679 754 960 806 καταράσαινθ’
974 757 1009 795 οἱ
1026 756 1161 808 ἐχθροὶ
1177 759 1390 801 ποιοῦντες,
1407 758 1548 797 διπλᾶς

224 820 460 873 πράττοντες
485 823 554 862 τὰς
580 821 785 873 εἰσφοράς,
813 821 917 861 ταῦτ’
944 821 1154 870 ἀνέθεσαν,
1182 822 1263 861 οὐδ’
1293 823 1472 874 οἵοισπερ
1497 822 1548 863 σὺ

224 889 420 940 χρώμενοι
441 888 687 938 συμβούλοις
709 888 999 932 ἐπολιτεύοντο,
1022 889 1128 927 ἀλλὰ
1153 889 1241 930 τοὺς
1267 888 1431 941 ἐχθροὺς
1458 906 1545 940 κρα-

223 958 392 999 τοῦντες,
421 955 482 994 καὶ
508 955 531 994 ἂ
557 957 632 996 πᾶς
656 971 713 996 τις
738 953 786 994 ἂν
812 954 852 994 εὖ
873 958 1033 1006 φρονῶν
1059 954 1225 1004 εὔξαιτο,
1252 955 1324 1004 τὴν
1349 956 1468 995 πόλιν
1493 956 1548 997 εἷς

224 1022 410 1071 ὁμόνοιαν
444 1021 620 1072 ἄγοντες,
653 1020 848 1060 ἀθάνατον
878 1021 992 1062 κλέος
1029 1022 1156 1061 αὐτῶν
1191 1022 1421 1068 λελοίπασι,
1458 1022 1548 1063 τοὺς

83 1073 192 1127 [6¹8]
225 1088 525 1137 ἐπιτηδεύοντας
541 1088 603 1127 οἶα
623 1088 687 1127 σοὶ
707 1088 903 1137 βεβίωται
920 1090 987 1137 τῆς
1007 1088 1151 1138 ἀγορᾶς
1173 1090 1382 1140 εἴργοντες.
1440 1089 1548 1139 ὑμεῖς

224 1153 257 1193 δ’
279 1156 333 1195 εἰς
358 1154 474 1198 τοῦτ’,
497 1152 525 1193 ὦ
551 1154 687 1205 ἄνδρες
709 1153 926 1203 Ἀθηναῖοι,
951 1153 1117 1206 προῆχθ’
1144 1154 1320 1204 εὐηθείας
1346 1154 1407 1194 καὶ
1429 1155 1545 1208 ῥᾳθυ-
1592 1174 1605 1205 .'

221 1222 311 1270 μίας
331 1221 425 1260 ὥστ’
446 1222 534 1261 οὐδὲ
555 1220 701 1260 τοιαῦτ’
721 1220 880 1273 ἔχοντες
900 1222 1196 1272 παραδείγματα
1211 1224 1330 1261 ταῦτα
1347 1224 1544 1271 μιμεῖσθε,

222 1287 314 1326 ἀλλ’
334 1287 569 1339 Ἀνδροτίων
590 1288 678 1338 ὑμῖν
699 1289 901 1337 πομπείων
923 1287 1224 1337 ἐπισκευαστής,
1246 1287 1495 1339 Ἀνδροτίων,
1517 1286 1547 1328 ὦ

226 1356 271 1405 γῆ
291 1355 352 1394 καὶ
370 1355 463 1394 θεοί.
508 1355 569 1394 καὶ
581 1354 865 1404 τοῦτ-’ἀσέβημ’
876 1354 1040 1394 ἔλαττον
1057 1355 1162 1395 τίνος
1176 1354 1358 1406 ἡγεῖσθε;
1381 1355 1458 1407 ἐγὼ
1473 1357 1548 1405 μὲν

221 1422 297 1472 γὰρ
317 1423 447 1471 οἴομαι
466 1423 548 1461 δεῖν
568 1421 636 1461 τὸν
656 1422 711 1462 εἷς
732 1420 800 1472 ἱέρ’
818 1422 991 1460 εἰσιόντα
1018 1422 1079 1461 καὶ
1105 1423 1305 1474 χερνίβων
1331 1422 1393 1462 καὶ
1421 1425 1547 1462 κανῶν

221 1488 439 1539 ἁψόμενον,
459 1489 521 1528 καὶ
537 1489 605 1537 τῆς
623 1487 718 1538 πρὸς
734 1488 823 1529 τοὺς
839 1488 950 1529 θεοὺς
966 1489 1191 1538 ἐπιμελείας
1207 1488 1436 1539 προστάτην
1454 1489 1544 1529 ἐσό-

220 1571 339 1604 μενον
364 1555 453 1607 οὐχὶ
479 1554 761 1606 προειρημένον
787 1554 939 1606 ἡμερῶν
960 1555 1122 1606 ἀριθμὸν
1142 1555 1333 1607 ἁγνεύειν,
1355 1556 1460 1595 ἀλλὰ
1478 1554 1547 1596 τὸν

221 1623 314 1671 βίον
336 1621 564 1673 ἡγνευκέναι
583 1622 770 1661 τοιούτων
787 1621 1101 1671 ἐπιτηδευμάτων
1119 1622 1181 1662 οῗα
1195 1623 1317 1676 τούτῳ
1337 1622 1546 1672 βεβίωται.

268 1739 281 1759 1
309 1731 399 1768 σχὼν
425 1728 612 1760 SLWO:
645 1730 730 1769 ἔχων
755 1730 857 1768 vulg„
883 1730 923 1761 cf.
951 1731 1031 1760 xxiv
1060 1731 1118 1768 184
1247 1730 1358 1761 ἅπανθ’
1385 1729 1471 1760 SL:
1506 1731 1547 1762 τὰ

220 1773 310 1804 πάνθ’
332 1773 376 1803 F:
401 1773 491 1804 πάνθ’
510 1773 590 1803 xxiv
612 1774 668 1811 184
688 1773 715 1802 A
729 1773 757 1802 Y
771 1773 800 1803 O
976 1783 1037 1811 2—3
1063 1772 1220 1813 εἰσφέρων
1238 1796 1245 1803 .
1264 1797 1271 1803 .
1293 1796 1298 1803 .
1322 1772 1453 1813 ἐξέστη]
1471 1773 1547 1814 ὑπὲρ

220 1816 255 1847 δὲ
273 1817 364 1857 δόξης
382 1817 494 1848 οὐδένα
510 1819 639 1848 πώποτε
658 1817 801 1847 κίνδυνον
819 1817 933 1857 ἐξέστη
948 1817 976 1846 Α
994 1818 1085 1857 (vide
1104 1827 1148 1846 xx
1170 1817 1234 1853 10“'‚
1249 1817 1372 1847 additis
1390 1817 1421 1846 in
1441 1827 1544 1856 marg.

221 1861 334 1890 verbis
351 1859 508 1901 εἰσφέρων
526 1862 561 1892 ἐκ
578 1863 641 1891 τῶν
659 1860 746 1891 ἰδίων
870 1870 890 1899 3
914 1861 1043 1892 πώποτε
1060 1871 1124 1891 om.
1143 1860 1167 1891 S
1182 1860 1206 1890 L
1220 1860 1244 1890 F
1256 1860 1285 1890 Y
1298 1860 1328 1890 O
1345 1872 1351 1890 ε
1375 1861 1449 1890 add.
1468 1862 1548 1890 xxiv

224 1905 281 1941 184
300 1914 417 1934 omnes
526 1904 546 1933 8
569 1904 703 1944 γράφεις
721 1903 750 1933 Α
769 1908 802 1934 et
819 1905 901 1934 xxiv
922 1905 980 1942 184
998 1914 1118 1934 omncs
1223 1914 1244 1942 9
1269 1904 1306 1935 ἂν
1322 1904 1547 1945 καταράσαινθ’

221 1946 318 1977 Blass
343 1948 415 1978 coll.
437 1947 496 1986 Ep.
516 1947 547 1976 iv
569 1957 629 1977 10:
662 1949 700 1978 ἂν
722 1948 950 1986 καταράσαιντ’
969 1953 1007 1979 ἂν
1025 1946 1062 1977 5¹
1079 1960 1085 1978 ε
1114 1948 1133 1979 ἂ
1155 1947 1383 1988 καταράσαιντ’
1401 1949 1439 1979 ἂν
1457 1948 1545 1985 vulg.

224 2001 262 2020 10
294 1992 437 2031 οἵοισπερ
462 1991 523 2021 SL
549 1991 636 2029 vulg.
657 2003 663 2021 :
696 1990 808 2031 οἷσπερ
834 1991 937 2022 Paris.
965 1992 1072 2029 2998:
1104 1993 1179 2024 οἵοίς
1203 2004 1283 2022 ποτε
1310 1990 1413 2021 Paris.
1439 2001 1547 2030 2940:

220 2033 349 2075 οἷόσπερ
368 2034 507 2072 Reiskc‚
523 2034 563 2065 cf.
585 2037 599 2070 ξ
619 2036 659 2072 64
790 2044 827 2072 13
852 2034 1004 2075 ἄγοντες]
1025 2035 1200 2075 ἀνάγοντες
1218 2035 1241 2065 S
1256 2033 1294 2064 L¹
1312 2035 1364 2064 hic
1384 2044 1448 2064 non
1467 2035 1547 2064 xxiv

224 2078 281 2116 185
445 2088 480 2117 14
507 2078 754 2116 ἐπιτηδεύοντας
771 2079 858 2116 vulg.
880 2083 913 2108 et
931 2079 1012 2108 xxiv
1033 2080 1091 2117 185
1109 2089 1226 2109 omnes
1242 2090 1248 2108 :
1274 2078 1546 2115 ἐπιτηδεύσαντας

219 2121 368 2152 ΞΥΟΡ
393 2132 478 2153 corr.
684 2131 720 2159 15
753 2121 895 2161 πρόηχθε
920 2122 998 2162 (sic)
1025 2123 1106 2152 xxiv
1134 2123 1194 2152 186
1212 2122 1255 2152 S:
1288 2121 1467 2162 προήχθητ’
1491 2121 1546 2152 hic

216 2175 336 2195 Omnes
451 2167 489 2195 18
513 2168 609 2197 τοῦτο
628 2166 651 2195 S
666 2165 702 2194 1⁴¹
720 2175 725 2193 :
751 2167 849 2196 τοῦτο
866 2167 904 2196 τὸ
921 2165 950 2194 Α
964 2165 989 2195 L
1008 2176 1093 2196 corr.
1110 2178 1115 2196 t
1141 2168 1179 2196 τὸ
1197 2164 1223 2195 F
1337 2174 1374 2194 21
1403 2177 1544 2205 προειρη·

216 2208 312 2246 μένον
338 2209 486 2240 Reiske:
521 2209 754 2249 προειρημένων
778 2209 875 2238 codd.
903 2214 934 2239 et
961 2209 1042 2239 xxiv
1070 2210 1129 2239 186
1154 2207 1273 2238 AYO
1297 2212 1347 2242 (et
1371 2208 1423 2237 hic
1449 2207 1546 2237 Blass

216 2253 341 2282 omisso
355 2255 511 2293 ἀριθμὺνῖῑ
532 2256 651 2284 ’τακτὸν
666 2251 746 2281 xxiv
762 2252 820 2280 186
836 2251 858 2281 S
873 2252 936 2282 aL:
959 2252 1195 2294 προειρημένων
1211 2254 1332 2283 τακτὸν
1349 2251 1430 2281 XXiV
1447 2252 1507 2281 [86
1521 2250 1546 2281 F

217 2295 364 2335 ἁγνεύειν
380 2296 477 2334 μόνον
493 2297 523 2326 Λ
654 2305 695 2325 22
719 2296 798 2325 ὅλον
817 2301 889 2333 post
908 2296 980 2332 βίον
997 2297 1073 2326 add.
1092 2295 1181 2334 vulg.
1201 2306 1207 2325 t
1233 2305 1296 2326 om.
1315 2295 1338 2326 S
1353 2292 1393 2325 L¹

263 2339 300 2369 ln
320 2340 342 2370 S
359 2340 583 2379 subscriptum

536 2388 640 2415 ΚΑΤΑ
672 2387 962 2416 ΑΝΔΡΟΤῘΩΝΟΣ
995 2387 1251 2414 ΠΑΡΑΝΟΜΩΝ

753 2425 786 2457 H!
812 2424 835 2457 131
857 2424 880 2458 ᾗ
904 2426 940 2459 [Σ]
963 2433 988 2457 Δ
1007 2433 1033 2457 Δ
1053 2434 1078 2458 Δ
