1737 2734
138 156 257 212 [498]

193 410 254 445 137

187 802 250 844 138

123 923 248 979 Msffl

178 1472 242 1507 139

174 2010 240 2044 140

709 161 1196 200 ΔΗΜΟΣΘΕΝΟὙΣ
1540 159 1611 214 stx

289 263 421 309 πάλιν,
445 264 535 304 ἀλλ’
555 264 637 303 οὐδ’
657 262 950 317 ἐπιχειρήσειεν
974 263 1034 304 ἄν.
1088 264 1139 315 μὴ
1165 266 1296 305 τοίνυν
1319 269 1417 316 μηδὲ
1442 268 1614 320 δημοσίᾳ

289 333 402 369 τοῦτο
427 330 632 380 ποιήσητε,
661 331 767 370 ἀλλὰ
797 330 976 370 κελεύετε
1000 331 1160 373 τούτους
1185 332 1274 374 τοὺς
1303 333 1488 383 ἐροῦντας
1516 333 1612 385 ὑπὲρ

288 400 355 436 τοῦ
379 397 511 446 νόμου,
536 399 571 436 εἴ
587 414 674 436 τινα
698 400 776 436 τῶν
802 396 1024 448 εὑρημένων
1050 397 1120 447 τὴν
1140 400 1303 449 δωρειὰν
1327 398 1487 449 ἀνάξιον
1513 398 1616 439 εἶναι’

287 469 414 513 φασιν
443 460 466 512 ἦ
496 463 547 513 μὴ
578 463 801 512 πεποιηκότ’
828 463 892 514 ἐφ’
918 464 976 504 οἷς
1006 463 1127 515 εὕρετ’
1157 464 1276 517 ἔχειν,
1308 462 1331 514 ἢ
1362 465 1452 505 ἄλλ’
1482 466 1612 505 ὁτιοῦν

286 530 528 580 ἐγκαλοῦσίν
544 546 632 574 τινι,
652 528 878 580 γράφεσθαι
896 531 992 569 κατὰ
1009 530 1077 570 τὸν
1094 531 1214 580 νόμον
1229 530 1274 571 δν
1290 531 1611 583 παρεισφέρομεν

284 599 351 635 νῦν
389 596 511 646 ἡμεῖς,
547 592 570 644 ἢ
607 595 753 635 θέντων
790 596 911 646 ἡμῶν,
947 597 1082 647 ὥσπερ
1115 597 1344 648 ἐγγυώμεθα
1380 598 1441 637 καὶ
1477 601 1610 649 φαμὲν

283 661 434 711 θήσειν,
462 659 484 711 ἦ
516 661 654 704 θέντας
682 662 834 708 αὐτούς,
862 663 956 702 ὅταν
986 666 1139 714 πρῶτον
1166 663 1356 714 γένωνται
1386 663 1607 714 νομοθέται.

283 728 369 768 ἔστι
398 728 430 768 δ’
455 728 609 782 ἑκάστῳ
640 746 697 769 τις
728 729 866 774 αὐτῶν,
899 729 948 770 ὡς
977 729 1116 774 ἔοικεν,
1147 731 1301 782 ἐχθρός,
1327 733 1379 783 τῷ
1408 732 1479 780 μὲν
1512 731 1606 770 Διό-

283 801 444 846 φαντος,
467 799 520 850 τῷ
546 795 579 834 δ’
601 795 822 845 Εὔβουλος,
844 799 897 849 τῷ
918 795 950 834 δ’
972 797 1069 837 ἴσως
1094 795 1218 838 ἄλλος
1243 813 1313 837 τις.
1370 798 1403 836 εἰ
1428 799 1468 837 δὲ
1493 800 1608 837 τοῦτο

281 861 494 912 φεύξονται
533 863 595 902 καὶ
634 862 685 911 μὴ
724 861 956 912 ’θελήσουσι
994 866 1132 908 ποιεῖν,
1172 861 1363 908 σκοπεῖτ’,
1402 861 1431 902 ὦ
1470 862 1608 914 ἄνδρες

281 927 496 978 Ἀθηναῖοι,
519 930 552 969 εἰ
578 933 706 970 καλῶς
732 930 821 979 ὑμῖν
848 928 944 982 ἔχει,
973 929 996 968 δι
1021 929 1169 968 τούτων
1196 930 1362 971 ἕκαστος
1388 930 1495 969 ὀκνεῖ
1516 930 1607 972 τοὺς

279 996 444 1047 ἐχθροὺς
477 995 766 1047 ἀφαιρούμενος
796 996 980 1047 ὀφθῆναι,
1013 995 1121 1035 ταῦθ’
1150 996 1249 1046 ὑμᾶς
1278 995 1367 1037 τοὺς
1402 995 1606 1047 εὐεργέτας

277 1062 554 1117 ἀφῃρημένους
583 1063 810 1113 φαίνεσθαι,
844 1063 905 1101 καὶ
939 1062 1028 1103 τοὺς
1062 1062 1103 1102 εὖ
1133 1079 1170 1102 τι
1200 1063 1461 1111 πεποιηκότας
1492 1063 1604 1113 ὑμᾶς,

277 1129 334 1169 οἷς
359 1129 485 1170 οὐδεὶς
514 1128 562 1168 ἂν
588 1128 818 1181 ἐγκαλέσαι,
847 1129 950 1182 νόμῳ
977 1130 1024 1168 τὰ
1053 1128 1203 1169 δοθέντ’
1229 1128 1529 1169 ἀπολωλεκέναι
1555 1129 1604 1169 δι’

275 1196 381 1244 ὑμῶν
411 1197 587 1247 ἁθρόους,
616 1196 755 1246 παρόν,
784 1197 820 1235 εἴ
846 1212 902 1236 τις
932 1194 992 1246 ἄρ’
1020 1195 1129 1235 ἐστὶν
1159 1193 1330 1245 ἀνάξιος,
1359 1196 1413 1236 εἶς
1442 1192 1465 1245 ἦ
1491 1195 1553 1235 δύ’
1580 1192 1602 1245 ἢ

276 1263 448 1307 πλείους,
476 1268 612 1319 γραφῇ
641 1264 704 1302 διὰ
734 1262 881 1301 τούτων
911 1261 1028 1301 ταύτὸ
1057 1264 1173 1301 τοῦτο
1203 1263 1344 1302 παθεῖν
1375 1261 1456 1300 κατ’
1482 1262 1603 1313 ἄνδρα

274 1328 487 1379 κριθέντας.
544 1330 620 1381 ἐγὼ
640 1331 711 1379 μὲν
728 1331 802 1380 γὰρ
819 1329 891 1381 οὐχ
912 1327 1186 1379 ὑπολαμβάνω
1207 1331 1326 1368 ταῦτα
1347 1332 1475 1370 καλῶς
1493 1328 1603 1382 ἔχειν

273 1395 363 1436 οὐδέ
387 1395 423 1447 γ’
449 1395 566 1446 ἀξίως
591 1397 709 1446 ὑμῶν.

360 1465 500 1503 Σκοπῶ
534 1465 574 1503 δὲ
607 1463 669 1502 καὶ
698 1459 842 1515 τοῦτα]
914 1463 989 1502 Καὶ
1021 1462 1098 1513 μὴν
1128 1461 1207 1502 οὐδ’
1243 1463 1394 1502 ἐκείνου
1429 1461 1466 1513 γ’
1503 1461 1601 1502 ἀπο-

274 1528 443 1569 στατέον
477 1533 546 1569 τοῦ
581 1530 717 1581 λόγου,
751 1532 810 1569 ὅτι
846 1531 914 1579 τῆς
949 1531 1021 1579 μὲν
1059 1528 1183 1579 ἀξίας,
1219 1529 1275 1568 ὅτ’
1311 1529 1523 1579 ἐδώκαμεν,
1555 1527 1602 1578 ἧν

273 1596 423 1635 δίκαιον
442 1596 513 1646 τὴν
533 1596 717 1646 ἐξέτασιν
733 1595 970 1646 λαμβάνειν,
1000 1597 1065 1636 ὅτε
1084 1596 1232 1635 τούτων
1252 1596 1376 1636 οὐδεὶς
1402 1596 1597 1640 ἀντεῖπεν,

271 1664 369 1712 μετὰ
398 1666 520 1702 ταῦτα
550 1663 582 1703 δ’
615 1665 697 1708 ἐᾶν,
726 1664 762 1703 εἴ
790 1680 826 1702 τι
851 1663 904 1712 μὴ
937 1662 1152 1702 πεπόνθαθ’
1178 1662 1243 1702 ὑπ’
1273 1663 1401 1702 αὐτῶν
1431 1663 1599 1713 ὕστερον

272 1730 404 1769 κακόν.
477 1732 510 1770 εἰ
550 1729 582 1769 δ’
620 1730 727 1769 οὗτοι
762 1733 877 1769 τοῦτο
914 1728 1095 1781 φήσουσι
1130 1727 1269 1779 (οειξαι
1304 1731 1377 1779 μὲν
1419 1730 1494 1780 γὰρ
1531 1729 1598 1768 οὐκ

271 1795 461 1848 ἔχουσιν),
492 1799 555 1837 δεῖ
583 1795 901 1846 κεκολασμένους
935 1796 1075 1837 αὐτοὺς
1107 1795 1195 1846 παρ’
1231 1795 1327 1835 αὐτὰ
1356 1793 1598 1845 τάδικήματα

271 1864 498 1913 φαίνεσθαι.
572 1865 604 1903 εἰ
630 1866 671 1903 δὲ
696 1863 862 1913 μηδενὸς
893 1864 1006 1904 ὄντος
1036 1862 1214 1902 τοιούτου
1239 1862 1308 1902 τὸν
1338 1862 1459 1912 νόμον
1484 1860 1596 1911 ποιή-
1623 1880 1635 1900 2

272 1946 363 1969 σετε
394 1930 538 1980 κύριον,
571 1930 705 1980 δόξετε
737 1928 1024 1981 φθονήσαντες,
1058 1930 1147 1982 οὐχὶ
1178 1929 1369 1980 πονηροὺς
1400 1929 1598 1979 λαβόντες

271 1997 514 2052 ἀφῃρῆσθαι.
587 1998 674 2037 ἔστι
717 1999 757 2036 δὲ
796 1996 925 2036 πάντα
962 1998 1033 2046 μὲν
1076 1996 1126 2037 ὡς
1169 1996 1261 2037 ἔπος
1304 1997 1425 2035 εἰπεῖν
1468 1995 1596 2044 ὀνείδη

271 2063 475 2113 φευκτέον,
514 2067 627 2103 τοῦτο
666 2065 706 2103 δὲ
748 2062 905 2103 πάντων
941 2062 1114 2113 μάλιστ’,
1154 2060 1182 2101 ὦ
1219 2062 1355 2114 ἄνδρες
1380 2061 1596 2111 Ἀθηναῖοι.

271 2131 334 2168 διὰ
370 2131 426 2175 τί;
480 2131 539 2169 ὅτι
564 2130 795 2170 παντάπασι
836 2130 998 2182 φύσεως
1042 2129 1174 2170 κακίας
1217 2129 1384 2178 σημεῖόν
1426 2130 1536 2168 ἐστιν
1578 2129 1598 2167 ὁ

318 2242 355 2269 16
378 2241 487 2281 ’γραφῇ
506 2243 581 2278 post
599 2240 700 2270 ταύτὸ
719 2238 749 2268 Α
764 2238 860 2268 vind.
878 2248 889 2267 1
988 2247 1022 2276 17
1049 2237 1194 2278 κριθέντα
1212 2237 1234 2267 S
1251 2236 1288 2267 L¹
1302 2236 1330 2266 A
1427 2246 1464 2275 19
1489 2239 1598 2268 σκοπῶ

339 2307 344 2312 .
372 2286 470 2314 τοῦτο
497 2282 560 2312 del.
585 2283 735 2312 Reiske:
764 2282 916 2311 ‘videtur
938 2281 1064 2320 duplex
1089 2281 1242 2311 recensio
1266 2280 1450 2319 antiquitus
1477 2280 1598 2310 suisse'

272 2325 369 2355 Blass
531 2336 571 2362 24
598 2327 678 2357 αὐτὰ
694 2336 757 2356 om.
779 2325 802 2355 S
815 2325 845 2355 O
860 2324 896 2354 Ρι
1060 2334 1099 2363 27
1127 2325 1187 2356 ὅσα
1204 2325 1295 2355 ἔστιν
1312 2328 1387 2362 post
1405 2324 1504 2355 εἰπεῖν
1520 2323 1596 2353 add.

270 2370 379 2407 vulg.:
406 2378 470 2399 om.
494 2370 517 2399 S
535 2369 570 2398 L¹
586 2368 625 2398 13¹
643 2368 725 2407 ΥΟ,
747 2369 785 2398 cs.
806 2368 886 2398 xxiii
909 2370 963 2406 64,
983 2368 1036 2403 68,
1056 2378 1106 2406 79.
1126 2377 1190 2397 220
1208 2368 1334 2406 gsslass)
1435 2367 1476 2398 τὰ
1493 2366 1598 2402 ὀνείδη

271 2413 300 2441 Α
434 2422 475 2451 29
500 2412 594 2452 φύσει
613 2411 642 2441 O
656 2412 684 2441 Y
702 2422 790 2442 corr.
808 2411 914 2442 scho1.
935 2421 964 2450 p.
984 2420 1058 2450 519⁷
1082 2421 1118 2441 12

1632 885 1669 907 10

1629 1217 1665 1249 Ι5

1624 1545 1663 1568 20
