1737 2734
105 538 123 568 5

89 870 125 891 10

88 1540 126 1561 20

146 145 232 201 xxl]
564 148 726 186 ΚΑΤΑ
775 146 1048 185 ΜΕΙΔΙΟΎ
1504 141 1612 198 [519]

142 252 338 308 ἠχθέσθη,
362 253 422 293 καὶ
449 253 779 305 παρηκολούθησε
799 251 888 304 παρ’
907 253 1006 302 ὅλην
1025 250 1097 302 τῆν
1115 250 1356 306 λῃτουργίαν
1376 251 1470 299 ἐπη-

144 321 292 372 ρεάζων
315 337 382 371 μοι
403 323 583 373 συνεχῶς
603 320 665 360 καὶ
688 321 806 371 μικρὰ
828 319 889 359 καὶ
912 319 1045 369 μείζω.
1098 319 1178 358 ὅσα
1202 319 1275 368 μὲν
1294 316 1362 356 οὖν
1382 316 1472 357 τοὺς
1507 328 1545 363 15

144 389 334 440 χορευτὰς
364 387 662 436 ἐναντιούμενος
691 386 785 436 ἡμῖν
810 386 1007 437 ἀφεθῆναι
1036 387 1106 435 τῆς
1136 384 1345 436 στρατείας
1369 382 1470 432 ἠνώ-

143 460 314 507 χλησεν,
340 450 363 502 ἢ
391 454 724 504 προβαλλόμενος
750 453 812 492 καὶ
839 453 1011 492 κελεύων
1036 450 1176 492 ἑαυτὸν
1201 451 1256 492 εἰς
1277 449 1472 490 Διονύσια

143 524 385 574 χειροτονεῖν
411 519 666 570 ἐπιμελητήν,
693 516 716 569 ἢ
743 519 873 558 τᾶλλα
901 518 1017 559 πάνθ’
1041 519 1121 558 ὅσα
1149 520 1321 563 τοιαῦτα,
1349 514 1470 556 ἐάσω·

142 587 186 626 οὐ
212 589 288 638 γὰρ
312 587 442 638 ἀγνοῶ
468 585 572 626 τοῦθ’
598 587 659 626 ὅτι
683 590 735 640 τῷ
765 587 838 636 μὲν
865 584 1162 638 ἐπηρεαζομένῳ
1187 583 1268 623 τότ’
1295 582 1380 634 ἐμοὶ
1409 583 1472 623 καὶ

142 652 388 708 ὑβριζομένῳ
423 653 495 703 τὴν
531 652 652 702 αὐτὴν
686 652 806 705 ὀργὴν
842 653 1011 692 ἕκαστον
1044 651 1191 691 τούτων
1222 651 1347 702 ἤνπερ
1378 650 1471 690 ἄλλ’

143 721 274 760 ὁτιοῦν
303 724 382 760 τῶν
410 719 646 760 δεινοτάτων
677 720 864 771 παρίστη,
895 719 987 768 ὑμῖν
1021 720 1062 758 δὲ
1094 721 1176 758 τοῖς
1210 717 1362 763 ἄλλοις,
1393 717 1470 768 ἔξω

142 791 212 826 τοῦ
246 786 477 839 πράγματος
510 787 639 832 οὖσιν,
674 787 742 826 οὐκ
779 785 827 826 ἂν
861 787 958 826 ἴσως
990 784 1080 835 ἄξια
1112 788 1233 824 ταῦτα
1271 783 1354 823 καθ’
1388 784 1471 824 αὕτ’

143 854 295 905 ἀγῶνος
322 854 479 906 φανείη·
517 853 609 893 ἀλλ’
637 854 660 893 ἃ
687 852 833 894 πάντες
856 853 1001 902 ὁμοίως
1030 850 1339 903 ἀγανακτήσετε,
1366 850 1471 890 ταῦτ’

143 922 231 972 ἐρῶ.
304 921 391 961 ἔστι
420 920 452 960 δ’
478 920 684 972 ὑπερβολὴ
709 923 787 959 τῶν
816 921 916 970 μετὰ
943 921 1078 965 ταῦτα,
1102 918 1128 958 δ.
1156 917 1292 968 μέλλω
1321 916 1469 969 λέγειν,
1506 921 1548 955 16

145 987 206 1026 καὶ
237 987 318 1027 οὐδ’
342 986 393 1027 ἂν
420 987 650 1040 ἐπεχείρησ’
677 987 802 1039 ἔγωγε
832 989 1067 1037 κατηγορεῖν
1098 984 1214 1024 αὐτοῦ
1242 987 1323 1030 νῦν,
1356 985 1389 1024 εἰ
1418 983 1471 1034 μὴ

144 1054 207 1093 καὶ
232 1053 313 1093 τότ’
333 1055 376 1093 ἐν
401 1057 453 1107 τῷ
478 1052 586 1107 δήμῳ
613 1052 837 1106 παραχρῆμ’
858 1051 1066 1104 ἐξήλεγξα.
1126 1051 1197 1101 τὴν
1220 1052 1297 1103 γὰρ
1323 1053 1473 1101 ἐσθῆτα

143 1120 214 1170 τὴν
254 1119 361 1172 ἱεράν
397 1120 520 1173 (ἱερὰν
556 1122 630 1173 γὰρ
671 1120 798 1172 ἔγωγε
838 1120 981 1170 νομίζω
1019 1121 1153 1159 πᾶσαν
1192 1119 1294 1168 ὅσην
1331 1117 1379 1158 ἄν
1414 1134 1474 1159 τις

144 1188 274 1228 εἵνεκα
308 1189 377 1238 τῆς
415 1189 553 1239 ἑορτῆς
587 1185 954 1239 παρασκευάσηται,
987 1185 1085 1227 τέως
1122 1185 1170 1226 ἂν
1206 1183 1379 1242 χρησθῇ)
1412 1185 1474 1224 καὶ

143 1255 235 1296 τοὺς
259 1253 484 1306 στεφάνους
507 1253 600 1296 τοὺς
622 1257 811 1307 χρυσοῦς,
840 1253 906 1294 οὓς
937 1252 1188 1303 ἐποιησάμην
1214 1252 1291 1304 ἐγὼ
1321 1252 1473 1302 κόσμον
1505 1248 1618 1302 [520]

145 1324 196 1374 τῷ
239 1324 358 1375 χορῷ,
398 1321 711 1371 ἐπεβούλευσεν,
746 1319 776 1360 ὦ
814 1320 952 1372 ἄνδρες
988 1319 1207 1370 Ἀθηναῖοι,
1246 1319 1477 1371 διαφθεῖραί

144 1404 210 1438 μοι
240 1387 389 1439 νύκτωρ
412 1388 540 1427 ἐλθὼν
566 1389 631 1428 ἐπὶ
656 1387 729 1437 τὴν
752 1388 880 1427 οἰκίαν
906 1386 977 1436 τὴν
1002 1390 1070 1426 τοῦ
1100 1387 1340 1440 χρυσοχόου,
1411 1385 1474 1425 καὶ

144 1453 380 1505 διέφθειρεν,
413 1454 458 1493 οὐ
488 1454 626 1505 μέντοι
657 1453 791 1494 πᾶσάν
822 1471 881 1506 γε·
918 1454 963 1493 οὐ
992 1455 1066 1506 γὰρ
1097 1452 1276 1503 ἐδυνήθη.
1348 1453 1474 1493 καίτοι

143 1521 260 1560 τοῦτό
282 1519 320 1571 γ’
346 1520 474 1562 οὐδεὶς
496 1520 648 1560 πώποτ’
675 1520 815 1561 οὐδένα
839 1520 968 1573 φησὶν
993 1519 1204 1570 ἀκηκοέναι
1226 1519 1473 1570 τολμήσαντ’

145 1587 234 1627 οὐδὲ
257 1585 467 1637 ποιήσαντ’
493 1589 536 1627 ἐν
559 1593 608 1644 τῇ
634 1588 762 1628 πόλει.
835 1587 904 1627 οὐκ
931 1587 1138 1640 ἀπέχρησε
1162 1586 1196 1627 δ’
1216 1586 1318 1641 αὐτῷ
1344 1590 1471 1631 τοῦτο,
1507 1600 1548 1635 17

142 1654 251 1694 ἀλλὰ
284 1654 348 1694 καὶ
383 1653 451 1694 τὸν
487 1654 742 1700 διδάσκαλον,
781 1652 810 1693 ὦ
847 1654 984 1706 ἄνδρες
1018 1654 1233 1704 Ἀθηναῖοι,
1273 1652 1475 1705 διέφθειρέ

141 1738 216 1770 μου
249 1724 316 1760 τοῦ
352 1724 485 1774 χοροῦ·
523 1720 586 1760 καὶ
623 1723 656 1761 εἰ
691 1720 742 1772 μὴ
777 1720 1021 1772 Τηλεφάνης
1059 1722 1079 1760 ὁ
1116 1720 1288 1770 αὐλητὴς
1321 1721 1474 1771 ἀνδρῶν

142 1786 358 1836 βέλτιστος
384 1788 471 1839 περὶ
502 1788 569 1837 ἐμὲ
595 1786 676 1826 τότ’
703 1787 875 1839 ἐγένετο,
905 1788 967 1827 καὶ
992 1787 1037 1827 τὸ
1064 1787 1210 1839 πρᾶγμ’
1235 1787 1474 1837 αἰσθόμενος

142 1853 211 1893 τὸν
248 1853 456 1905 ἄνθρωπον
492 1853 700 1896 ἀπελάσας
739 1854 856 1895 αὐτὸς
897 1857 1132 1905 συγκροτεῖν
1171 1854 1232 1894 καὶ
1271 1852 1473 1893 διδάσκειν

142 1918 239 1973 ᾤετο
264 1923 347 1959 δεῖν
370 1920 439 1960 τὸν
464 1921 599 1973 χορόν,
629 1920 708 1960 οὐδ’
739 1920 786 1960 ἂν
812 1920 1095 1972 ἠγωνισάμεθ’,
1123 1919 1152 1960 ὦ
1186 1920 1324 1972 ἄνδρες
1352 1919 1470 1969 Ἀθη-

141 1989 257 2031 ναῖοι,
293 1986 385 2026 ἀλλ’
417 1987 625 2028 ἀδίδακτος
661 1987 710 2027 ἂν
736 1988 926 2036 εἰσῆλθεν
963 1988 984 2026 ὁ
1019 1991 1138 2039 χορὸς
1176 1988 1238 2027 καὶ
1275 1985 1473 2038 πράγματ’

831 2053 880 2067 '⁶5’
915 2055 924 2066 ἱ
1006 2057 1022 2065 Α

141 2053 322 2105 αἴσχιστ’
348 2053 396 2093 ἂν
422 2053 632 2103 ἐπάθομεν.
707 2053 768 2093 καὶ
799 2068 867 2094 ovo
908 2053 1061 2094 ενταυθ’
1088 2055 1185 2103 ἔστη
1212 2055 1280 2103 τῆς
1304 2053 1471 2104 ὕβρεως,

187 2173 202 2200 7
230 2162 319 2204 ἄλλ’]
346 2165 385 2195 ἂν
409 2164 484 2195 ἄλλ’
505 2164 638 2194 Dobree
773 2164 794 2194 8
818 2164 876 2205 ἔξω
902 2164 948 2194 S:
980 2167 1048 2197 τοῖς
1074 2165 1131 2205 ἔξω
1159 2164 1227 2202 (vel
1253 2166 1319 2196 τοῖς
1345 2163 1470 2203 ἔξωθεν)

141 2211 219 2236 cett.
402 2218 441 2237 10
473 2207 506 2245 ἃ]
534 2206 583 2248 ἐφ’
610 2206 655 2239 οἷς
679 2207 709 2236 Α
836 2207 955 2240 πάντες
981 2207 1132 2238 SAYO
1147 2207 1191 2238 P:
1225 2207 1343 2239 πάντες
1366 2209 1406 2239 ἂν
1428 2206 1470 2237 al.

141 2249 388 2289 ἀγανακτήσετε
406 2250 437 2279 Α
449 2250 479 2279 Y
492 2250 523 2280 O
537 2250 560 2281 S
579 2261 662 2281 corr.
683 2263 689 2280 z
714 2251 978 2291 ἀγανακτήσαιτε
996 2251 1034 2281 S¹
1052 2251 1093 2281 al.
1209 2250 1405 2282 ἀκούσαντες
1421 2250 1473 2280 vel

140 2298 222 2322 ante
239 2293 293 2322 vel
311 2298 386 2332 post
404 2294 652 2334 ἀγανακτήσετε
669 2295 744 2324 add.
769 2294 921 2333 plerique
938 2305 945 2323 :
969 2305 1036 2325 om.
1057 2294 1091 2324 S¹
1106 2294 1131 2324 P
1315 2303 1351 2332 15
1375 2307 1473 2334 παρα-

142 2335 341 2374 σκευάσηται
354 2336 385 2366 Α
398 2336 423 2366 F
438 2348 445 2367 ε
468 2336 748 2377 παρασκευάζηται
764 2338 787 2367 S
801 2337 829 2367 Y
843 2337 873 2367 O
981 2339 1018 2367 18
1041 2351 1095 2376 μοι
1118 2337 1270 2368 Iurinus:
1296 2351 1356 2376 μου
1373 2337 1471 2367 codd.

145 2388 183 2416 19
206 2379 310 2411 καίτοι
327 2379 426 2411 τοῦτό
441 2380 475 2420 ’γ’
493 2380 524 2409 Α
540 2390 547 2410 t
572 2381 623 2412 καὶ
641 2383 788 2412 τοιοῦτον
805 2381 828 2410 S
842 2380 871 2410 Y
886 2380 932 2413 P:
959 2381 1064 2412 καίτοι
1086 2383 1235 2413 τοιοῦτον
1253 2380 1287 2419 F,
1309 2381 1349 2411 cf.
1369 2381 1403 2410 ix
1423 2388 1471 2419 15,

140 2431 187 2451 xx
207 2431 265 2460 117
399 2433 437 2453 21
465 2423 529 2454 οὐδ’
549 2423 752 2460 ἐπινοήσαντ’
771 2423 862 2454 Weil
