1737 2734
154 131 240 185 xxx]
573 135 732 173 ΚΑΤΑ
783 133 1055 171 ΜΕΙΔΙΟΥ

151 243 272 280 ταῦτα
299 241 538 291 πραχθεῖσιν
567 238 631 279 ὑπ’
655 238 785 279 αὐτοῦ.
857 242 900 278 τὸ
930 240 1001 289 μὲν
1030 239 1105 290 γὰρ
1135 239 1305 287 πρῶτον,
1332 234 1383 276 ὡς
1412 233 1479 273 οὐκ

152 309 292 351 ἐδόκει,
333 306 548 357 προϊούσης
586 307 655 355 τῆς
694 306 906 354 ἐκκλησίας
946 305 1008 344 καὶ
1046 304 1180 355 λόγων
1218 300 1478 354 γιγνομένων,

152 376 220 423 τῆς
258 377 334 412 τῶν
368 372 519 413 ἱππέων
551 373 742 423 βοηθείας
765 371 836 422 ἤδη
877 375 971 416 δεῖν,
1005 370 1098 410 ἀλλ’
1132 368 1400 409 ἀνεπεπτώκει
1431 369 1480 407 τὰ

153 443 223 490 τῆς
251 437 401 489 ἐξόδου,
427 438 496 478 οὐκ
527 438 706 489 ἀνέβαιν’
733 439 797 478 ἐπὶ
825 437 896 487 τὴν
929 441 1024 477 ναῦν
1055 436 1104 486 ἣν
1137 435 1347 481 ἐπέδωκεν,
1375 435 1481 474 ἀλλὰ

115 526 132 556 5
153 507 221 547 τὸν
244 505 427 557 μέτοικον
454 505 657 557 ἐξέπεμψε
681 504 750 544 τὸν
780 505 1010 556 Αἰγύπτιον,
1038 502 1272 555 Πάμφιλον,
1300 500 1414 542 αὐτὸς
1439 503 1480 540 δὲ

151 574 280 624 μένων
307 572 446 613 ἐνθάδε
470 575 552 614 τοῖς
579 572 806 612 Διονυσίοις
825 570 1080 623 διεπράττετο
1103 569 1208 610 ταῦτ’
1234 568 1299 621 ἐφ’
1321 569 1378 610 οἷς
1398 569 1482 608 νυνὶ

154 641 339 692 κρίνεται·
376 639 511 688 ἐπειδὴ
543 638 576 678 δ’
601 639 622 677 6
647 641 867 690 στρατηγὸς
895 638 1062 677 Φωκίων
1092 635 1362 687 μετεπέμπετο
1392 634 1482 676 τοὺς

154 705 201 755 ἐξ
213 706 429 758 Ἀργούρας
448 705 590 746 ἱππέας
607 705 670 744 ἐπὶ
687 704 757 754 τὴν
772 704 962 757 διαδοχὴν
980 704 1042 743 καὶ
1060 704 1297 752 κατείληπτο
1315 701 1480 754 σοφιζό-

153 791 282 824 μενος,
310 773 390 812 τόθ’
416 774 436 811 ὁ
467 772 598 813 δειλὸς
628 772 690 812 καὶ
715 770 930 822 κατάρατος
956 770 1093 810 οὑτοσὶ
1121 770 1250 810 λιπὼν
1275 769 1346 818 τὴν
1370 767 1482 818 τάξιν

97 857 134 878 ιο
154 841 298 890 ταύτην
326 840 390 880 ἐπὶ
419 839 490 888 τὴν
516 843 610 879 ναῦν
635 838 774 893 ᾤχετο,
803 839 866 878 καὶ
894 839 949 877 ὧν
975 839 1188 889 ἱππαρχεῖν
1218 834 1365 886 ἠξίωσε
1391 834 1482 886 παρ’

154 908 244 957 ὑμῖν
271 905 435 951 ἱππέων,
462 906 614 946 τούτοις
647 905 691 944 οὐ
719 903 973 955 συνεξῆλθεν.
1045 905 1079 944 εἶ
1105 903 1137 943 δ’
1162 905 1205 943 ἐν
1229 908 1278 959 τῇ
1307 901 1482 958 θαλάττῃ

157 974 333 1014 κίνδυνός
357 990 416 1014 τις
447 971 508 1022 ἦν,
535 974 591 1013 εἰς
619 972 691 1022 τὴν
715 974 791 1023 γῆν
822 974 946 1021 δῆλον
975 971 1035 1010 ὅτι
1060 969 1176 1024 ᾤχετ’
1202 969 1262 1009 ἄν.
1334 969 1378 1008 οὐ
1406 969 1483 1019 μὴν

155 1039 379 1090 Νικήρατός
412 1039 449 1091 γ’
474 1039 596 1081 οὕτως
626 1040 646 1078 6
675 1042 742 1078 τοῦ
775 1038 928 1083 Νικίου,
956 1038 976 1077 6
1009 1037 1226 1089 ἀγαπητός,
1254 1037 1274 1075 6
1306 1035 1437 1081 ἄπαις,
1462 1036 1483 1074 6

155 1106 412 1146 παντάπασιν
459 1106 632 1155 ἀσθενὴς
673 1107 726 1160 τῷ
763 1106 929 1156 σώματι·
979 1103 1057 1144 οὐδ’
1101 1103 1317 1153 Εὐκτήμων
1355 1103 1376 1141 ὁ
1416 1106 1484 1142 τοῦ

100 1190 135 1222 15
158 1174 367 1219 Αἰσίωνος,
393 1173 467 1225 οὐχ
492 1173 628 1214 οὕτως·
665 1171 745 1212 οὐδ’
772 1171 1001 1222 Εὐθύδημος
1028 1172 1047 1210 6
1077 1174 1145 1211 τοῦ
1177 1168 1483 1221 Στρατοκλέους·

156 1239 249 1280 ἀλλ’
275 1240 403 1279 αὐτῶν
428 1240 596 1281 ἕκαστος
622 1240 721 1279 ἑκὼν
748 1239 904 1280 ἐπιδοὺς
934 1237 1069 1290 τριήρη
1096 1238 1164 1277 οὐκ
1191 1236 1339 1288 ἀπέδρα
1364 1235 1485 1292 ταύτῃ

156 1307 228 1356 τὴν
249 1308 472 1358 στρατείαν,
495 1308 601 1347 ἀλλὰ
620 1306 691 1356 τὴν
714 1308 787 1356 μὲν
807 1303 1016 1357 [ἐπίδοσιν]
1037 1305 1078 1344 ἐν
1104 1303 1264 1357 χάριτος
1288 1302 1397 1355 μέρει
1425 1304 1486 1342 καὶ

157 1377 319 1425 δωρειᾶς
349 1377 542 1427 παρεῖχον
571 1372 777 1413 πλέουσαν
800 1378 847 1429 τῇ
876 1372 1005 1417 πόλει,
1033 1371 1078 1411 οὗ
1103 1370 1136 1410 δ’
1162 1372 1183 1410 6
1212 1371 1330 1420 νόμος
1359 1386 1484 1422 προσ-

158 1441 329 1486 έταττεν,
349 1441 518 1480 ἐνταῦθα
533 1443 614 1481 τοῖς
632 1440 817 1490 σώμασιν
833 1439 943 1479 αὐτοὶ
958 1441 1193 1494 λῃτουργεῖν
1208 1436 1355 1487 ἠξίουν.
1394 1435 1486 1476 ἀλλ’

99 1525 138 1545 20
158 1507 231 1560 οὐχ
265 1508 284 1546 6
318 1508 518 1561 ἵππαρχος
558 1508 738 1552 Μειδίας,
764 1507 871 1546 ἀλλὰ
908 1505 979 1555 τὴν
1018 1507 1060 1545 ἐκ
1099 1508 1178 1544 τῶν
1211 1504 1343 1554 νόμων
1375 1502 1488 1554 τάξιν

157 1574 298 1619 λιπών,
321 1574 364 1614 οὗ
390 1575 501 1624 δίκην
520 1574 678 1627 ὀφείλει
693 1579 740 1630 τῇ
765 1574 880 1613 πόλει
906 1575 1052 1617 δοῦναι,
1074 1571 1176 1611 τοῦτ’
1198 1572 1240 1611 ἐν
1260 1570 1488 1622 εὐεργεσίας

159 1640 371 1693 ἀριθμήσει
394 1640 515 1692 μέρει.
589 1641 714 1680 καίτοι
737 1639 809 1690 τὴν
833 1639 1016 1688 τοιαύτην
1041 1638 1309 1690 τριηραρχίαν,
1337 1636 1367 1676 ὢ
1392 1636 1489 1687 πρὸς

159 1711 272 1754 θεῶν,
293 1709 460 1759 πότερον
485 1708 678 1747 τελωνίαν
697 1708 761 1747 καὶ
787 1705 1059 1756 πεντηκοστὴν
1081 1705 1143 1744 καὶ
1167 1702 1401 1754 λιποτάξιον
1427 1703 1489 1742 καὶ

160 1776 370 1825 στρατείας
395 1775 616 1826 ἀπόδρασιν
642 1773 704 1814 καὶ
729 1772 857 1814 πάντα
881 1774 930 1812 τὰ
954 1771 1102 1812 τοιαῦθ’
1128 1771 1312 1822 ἁρμόττει
1339 1773 1486 1816 καλεῖν,

101 1860 138 1892 25
158 1838 181 1891 ἢ
207 1843 462 1892 φιλοτιμίαν;
499 1839 641 1881 οὐδένα
672 1842 748 1892 γὰρ
781 1840 928 1891 τρόπον
959 1839 1086 1878 ἄλλον
1116 1839 1158 1878 ἐν
1186 1841 1268 1879 τοῖς
1301 1839 1489 1877 ἱππεῦσιν

160 1908 280 1948 αὑτὸν
315 1908 436 1957 ἀτελῆ
474 1910 640 1956 ποιῆσαι
676 1907 883 1959 στρατείας
924 1905 1136 1956 δυνάμενος
1170 1905 1315 1954 ταύτην
1352 1904 1488 1955 εὕρηκε

164 1976 331 2016 Μειδίας
368 1974 505 2024 καινὴν
541 1973 704 2023 ἱππικήν
743 1990 831 2013 τινα
867 1970 1156 2022 πεντηκοστήν.
1229 1972 1292 2011 καὶ
1328 1972 1403 2023 γὰρ
1442 1969 1489 2010 αὖ

160 2045 287 2081 τοῦτο.
358 2045 435 2082 τῶν
471 2041 606 2080 ἄλλων
649 2040 834 2081 ἁπάντων
875 2044 952 2080 τῶν
990 2039 1204 2079 ἐπιδόντων
1241 2036 1490 2089 τριηράρχων

205 2160 224 2188 3
249 2150 470 2182 ἀναπεπτώκει
487 2149 583 2180 codd.
749 2150 769 2178 8
793 2162 930 2190 αργυρας
949 2146 998 2187 8¹,
1019 2147 1163 2177 correxit
1181 2147 1309 2177 eadem.
1330 2145 1370 2176 cf.
1393 2148 1407 2182 ξ
1432 2154 1490 2184 133

165 2203 203 2231 13
227 2196 242 2224 6
264 2194 428 2234 ἀγαπητὸς
450 2196 466 2224 6
492 2194 584 2225 ἅπαις
602 2192 667 2223 SY
680 2192 710 2222 O
725 2192 748 2222 P
765 2204 771 2223 z
803 2196 819 2224 6
839 2193 1006 2233 ἀγαπητὸς
1031 2193 1047 2222 ὁ
1071 2193 1144 2222 παῖς
1164 2189 1195 2219 Α
1208 2190 1232 2219 F
1249 2201 1255 2219 ι
1286 2192 1302 2221 ὁ
1323 2190 1489 2229 ἀγαπητὸς

162 2239 233 2268 παῖς
251 2236 291 2266 al.
310 2248 316 2266 2
342 2238 507 2277 ἀγαπητὸς
524 2239 596 2268 παῖς
615 2235 782 2266 Dindorf:
806 2236 880 2266 fort.
902 2237 918 2266 ὃ
941 2236 1033 2267 ἄπαις
1050 2233 1242 2272 delendum,
1264 2242 1338 2262 nam
1363 2238 1382 2263 ἀ
1406 2233 1441 2272 (i.
1457 2242 1486 2262 e.

161 2279 272 2318 μόνος)
290 2282 362 2312 παῖς
379 2280 523 2310 adscribi
541 2280 649 2319 potuit
667 2279 709 2309 ad
727 2280 894 2316 ἀγαπητὸς
916 2281 989 2310 παῖς
1008 2277 1177 2316 (Dobree)
1324 2277 1363 2305 16
1386 2275 1489 2317 ταύτῃ

165 2322 322 2353 Bekker:
345 2323 469 2360 ταύτην
485 2323 582 2353 codd.
680 2332 716 2360 17
743 2323 889 2354 ἐπίδοσιν
904 2322 985 2352 secl.
1007 2320 1143 2350 Bekker
1237 2330 1279 2359 23
1303 2319 1491 2359 λιποτάξιον

164 2366 272 2396 Cobet
288 2377 294 2396 ε
319 2366 508 2406 λιποταξίαν
524 2365 619 2396 codd.
778 2375 817 2403 27
843 2364 969 2405 καινὴν]
990 2365 1087 2402 κενὴν
1104 2363 1128 2394 S
1145 2362 1236 2393 solus
1359 2362 1491 2399 ἱππικήν

165 2409 188 2440 S
206 2409 309 2440 schol.
330 2419 362 2448 p.
382 2411 457 2448 634,
476 2419 516 2446 24
536 2409 634 2439 Blass
651 2420 657 2438 ε
681 2410 811 2445 ἱππικῆς
828 2408 925 2439 codd.
946 2412 1023 2438 cett.

1510 129 1622 183 [567]

1514 240 1577 283 163

1515 636 1579 678 164

1518 1299 1632 1353 [568]

1521 1438 1585 1473 166

1523 1968 1588 2013 167
