1737 2734
174 845 213 870 12

104 1632 108 1683 ἱ
122 1630 211 1684 519]

173 1978 213 2011 14

672 131 1158 170 ΔΗΜΟΣΘΕΝΟΥΣ
1482 126 1572 181 [xxt

314 233 577 284 Ἐνθυμεῖσθ’,
623 233 652 274 ὦ
694 234 832 286 ἄνδρες
880 235 1074 280 δικασταί,
1118 236 1179 275 ὅτι
1220 236 1262 275 ἐν
1302 238 1354 289 τῷ
1397 234 1572 289 προτέρῳ

248 301 353 353 νόμῳ
395 302 492 340 κατὰ
530 303 608 340 τῶν
650 301 736 351 περὶ
778 300 849 350 τὴν
887 301 1024 353 ἑορτὴν
1066 302 1302 341 ἀδικούντων
1339 302 1462 351 οὔσης
1503 304 1573 352 τῆς

248 368 464 417 προβολῆς,
497 367 539 406 ἐν
570 366 693 420 τούτῳ
730 367 791 406 καὶ
828 369 926 406 κατὰ
962 370 1040 407 τῶν
1071 368 1159 408 τοὺς
1191 367 1455 418 ὑπερημέρους
1488 369 1571 408 εἷσ-

247 433 498 482 πραττόντων
530 430 550 482 ἦ
577 434 639 473 καὶ
664 433 755 473 ἄλλ’
781 434 911 473 ὁτιοῦν
931 433 1037 476 τινὸς
1066 435 1358 483 λαμβανόντων
1381 431 1404 483 ἦ
1434 434 1571 484 βιαζο-

245 499 374 547 μένων
412 497 625 548 ἐποιήσατε
661 502 730 541 τὰς
767 499 986 551 προβολάς.
1054 501 1098 539 οὐ
1133 502 1209 551 γὰρ
1244 502 1349 541 ὅπως
1392 500 1436 540 τὸ
1472 500 1609 550 σῶμ’ξ,

248 565 482 615 ὑβρίζεσθαί
515 582 621 607 τινος
657 567 700 606 ἐν
741 566 898 607 ταύταις
940 570 1024 607 ταῖς
1064 566 1237 617 ἡμέραις,
1271 563 1293 616 ἦ
1333 567 1404 616 τὴν
1446 583 1571 617 παρα-

247 631 391 680 σκευὴν
420 630 468 681 ἣν
496 631 543 671 ἂν
576 634 616 672 ἐκ
649 635 726 672 τῶν
757 634 864 672 ἰδίων
898 633 1108 683 πορίσαιτό
1140 648 1198 674 τις
1232 634 1286 674 εἰς
1318 634 1570 688 λῃτουργίαν,

246 697 371 750 ᾤεσθε
404 700 559 750 χρῆναι,
594 700 701 739 ἀλλὰ
738 701 799 739 καὶ
832 701 879 738 τὰ
908 699 992 754 δίκῃ
1031 699 1093 739 καὶ
1126 698 1253 753 ψήφῳ
1286 703 1364 739 τῶν
1399 700 1573 740 ἑλόντων

246 764 462 815 γιγνόμενα
496 769 574 805 τῶν
611 766 843 805 ἑαλωκότων
881 765 942 805 καὶ
980 766 1228 815 κεκτημένων
1265 766 1310 814 ἐξ
1343 767 1467 818 ἀρχῆς
1502 766 1573 815 τὴν

246 833 340 881 γοῦν
374 831 513 882 ἑορτὴν
542 831 759 872 ἀπεδώκατ’
794 832 906 872 εἶναι.
963 833 1071 882 ὑμεῖς
1104 834 1175 882 μὲν
1205 833 1348 877 τοίνυν,
1377 831 1406 872 ὦ
1435 832 1573 883 ἄνδρες
1599 847 1635 869 10

245 897 459 947 Ἀθηναῖοι,
491 897 636 940 πάντες
669 899 723 940 εἰς
762 902 951 938 τοσοῦτον
984 899 1134 952 ἀφῖχθε
1171 899 1474 951 φιλανθρωπίας
1511 900 1573 939 καὶ

246 963 456 1013 εὐσεβείας
497 965 601 1005 ὥστε
649 965 711 1004 καὶ
757 969 836 1005 τῶν
883 966 1074 1017 πρότερον
1121 965 1397 1017 γεγενημένων
1438 967 1570 1015 ἀδικη-

244 1030 378 1079 μάτων
413 1034 456 1070 τό
493 1030 716 1081 λαμβάνειν
753 1033 864 1081 δίκην
898 1031 1093 1084 ἐπέσχετε
1129 1032 1272 1073 ταύτας
1308 1033 1378 1074 τὰς
1412 1031 1571 1083 ἡμέρας·

248 1098 412 1138 Μειδίας
443 1097 475 1137 δ’
502 1099 544 1138 ἐν
569 1097 702 1140 αὑταῖς
730 1099 888 1140 ταύταις
918 1102 1003 1140 ταῖς
1036 1098 1197 1150 ἡμέραις
1221 1098 1312 1148 ἄξια
1341 1102 1408 1138 τοῦ
1441 1102 1573 1139 δοῦναι

246 1164 316 1213 τὴν
337 1164 515 1217 ἐσχάτην
534 1165 644 1214 δίκην
663 1168 787 1205 ποιῶν
805 1163 1071 1217 δειχθήσεται.
1127 1166 1328 1215 βούλομαι
1348 1165 1381 1205 δ’
1402 1166 1573 1206 ἕκαστον
1598 1181 1632 1213 15

246 1230 311 1269 ἀπ’
348 1231 472 1284 ἀρχῆς
515 1232 569 1271 ὧν
612 1230 776 1271 πέπονθ’
819 1230 1014 1281 ἐπιδείξας
1058 1231 1120 1271 καὶ
1163 1233 1248 1281 περὶ
1289 1235 1367 1272 τῶν
1409 1236 1573 1283 πληγῶν

245 1299 369 1337 εἰπεῖν
405 1298 450 1339 ἃς
485 1301 528 1337 τὸ
564 1302 792 1338 τελευταῖον
828 1297 1107 1349 προσενέτεινέ
1141 1315 1220 1349 μοι·
1271 1299 1313 1338 ἓν
1349 1301 1424 1350 γὰρ
1459 1299 1573 1339 οὐδέν

245 1365 354 1404 ἐστιν
389 1364 453 1415 ἐφ’
486 1362 515 1418 ᾧ
540 1368 618 1405 τῶν
651 1364 939 1416 πεπραγμένων
972 1364 1016 1405 οὐ
1053 1366 1200 1407 δίκαιος
1233 1364 1285 1405 ὢν
1319 1365 1573 1406 ἀπολωλέναι

245 1429 482 1481 φανήσεται.

312 1497 474 1547 Ἐπειδὴ
511 1499 586 1549 γὰρ
626 1498 670 1538 οὐ
714 1498 1002 1548 καθεστηκότος
1043 1502 1216 1552 χορηγοῦ
1251 1499 1297 1554 τῇ
1342 1501 1573 1539 Πανδιονίδι
1597 1513 1634 1534 20

245 1565 364 1619 φυλῇ,
402 1565 535 1615 τρίτον
572 1564 658 1606 ἔτος
693 1567 812 1610 τουτί,
852 1565 1055 1617 παρούσης
1098 1568 1139 1606 δὲ
1176 1567 1243 1615 τῆς
1279 1567 1493 1615 ἐκκλησίας
1529 1567 1572 1606 ἐν

244 1629 264 1679 ἦ
289 1630 356 1670 τὸν
381 1630 542 1684 ἄρχοντ’
569 1633 806 1682 ἐπικληροῦν
831 1632 850 1670 ὁ
877 1633 994 1682 νόμος
1019 1636 1100 1673 τοῖς
1127 1636 1262 1685 χοροῖς
1287 1633 1376 1674 τοὺς
1401 1633 1572 1681 αὐλητὰς

247 1698 408 1743 κελεύει,
430 1698 562 1749 λόγων
591 1699 651 1738 καὶ
677 1699 876 1750 λοιδορίας
902 1698 1151 1750 γιγνομένης,
1175 1700 1236 1738 καὶ
1264 1702 1573 1750 κατηγοροῦντος

244 1768 311 1804 τοῦ
359 1767 431 1814 μὲν
474 1765 667 1817 ἄρχοντος
707 1768 784 1804 τῶν
827 1767 1074 1815 ἐπιμελητῶν
1121 1767 1188 1815 τῆς
1236 1767 1379 1817 φυλῆς,
1420 1769 1498 1805 τῶν
1541 1765 1572 1804 δ’

247 1833 495 1880 ἐπιμελητῶν
524 1835 591 1871 τοῦ
617 1831 822 1885 ἄρχοντος,
850 1833 1058 1882 παρελθὼν
1083 1833 1317 1885 ὑπεσχόμην
1343 1833 1421 1882 ἐγὼ
1451 1849 1568 1885 χορη-
1595 1846 1630 1877 25

246 1897 385 1948 γήσειν
418 1897 643 1947 ἐθελοντής,
678 1899 738 1938 καὶ
779 1898 1054 1949 κληρουμένων
1087 1902 1241 1949 πρῶτος
1274 1900 1472 1949 αἱρεῖσθαι
1504 1899 1570 1937 τὸν

245 1964 420 2014 αὐλητὴν
457 1966 618 2017 ἔλαχον,
655 1966 762 2015 ὑμεῖς
803 1965 888 2015 μέν,
925 1963 954 2004 ὦ
996 1965 1133 2016 ἄνδρες
1173 1965 1388 2014 Ἀθηναῖοι,
1426 1964 1571 2005 πάντες

245 2030 436 2082 ἆμφότερ’
458 2031 508 2072 ὡς
534 2032 618 2071 οἷόν
643 2048 684 2072 τε
709 2031 871 2082 μάλιστ’
892 2031 1150 2083 ἀπεδέξασθε,
1173 2030 1243 2081 τήν
1267 2030 1300 2070 τ’
1326 2032 1571 2083 ἐπαγγελίαν

244 2097 314 2145 την
349 2097 444 2148 ἐμὴν
478 2099 539 2138 καὶ
573 2099 616 2138 τὸ
647 2100 808 2148 συμβὰν
834 2099 908 2138 ἀπὸ
942 2101 1011 2148 τῆς
1042 2098 1177 2151 τύχης,
1207 2099 1268 2138 καὶ
1301 2098 1474 2148 θόρυβον
1509 2099 1570 2137 καὶ

246 2164 385 2214 κρότον
432 2169 609 2205 τοιοῦτον
649 2165 699 2207 ὡς
738 2165 785 2205 ἂν
824 2165 1076 2207 ἐπαινοῦντές
1115 2182 1152 2204 r:
1205 2165 1267 2204 καὶ
1307 2163 1571 2213 συνησθέντες
1593 2179 1633 2209 3ο

245 2230 471 2280 ἐποιήσατε,
500 2233 666 2273 Μειδίας
692 2231 724 2271 δ’
749 2232 885 2271 οὑτοσὶ
910 2232 1029 2281 μόνος
1054 2235 1132 2271 τῶν
1157 2230 1328 2276 πάντων,
1356 2231 1406 2271 ὡς
1432 2230 1570 2274 ἔοικεν,

289 2350 306 2369 2
332 2341 413 2372 κατὰ
430 2343 494 2372 τῶν
512 2342 579 2381 περὶ
598 2341 626 2371 Α
645 2353 650 2370 :
676 2342 744 2381 περὶ
761 2344 826 2372 τῶν
843 2341 925 2372 κατὰ
944 2340 966 2370 S
985 2340 1073 2379 vulg.
1202 2349 1222 2380 5
1246 2341 1328 2372 ὅπως
1347 2339 1382 2371 5¹
1399 2350 1405 2368 τ
1430 2340 1512 2372 ὅπως
1528 2339 1573 2379 μὴ

245 2389 323 2414 cett.
459 2393 475 2422 7
501 2385 562 2421 τὴν
579 2384 785 2424 λειτουργίαν
803 2383 870 2414 FO
