1737 2734
90 131 204 186 [598]
663 132 1151 170 AHMOEOENOTE
1461 129 1564 182 [xxm

238 252 367 282 σαιτο,
393 238 462 278 τὰς
494 235 663 287 τριήρεις
697 235 818 288 λέγω,
844 235 959 276 οὐδὲν
991 237 1152 276 ἐκείνων
1186 238 1349 288 ὄφελος·
1386 238 1457 287 τὴν
1491 241 1567 290 γὰρ

235 307 313 343 τῶν
338 304 443 343 ὅλων
471 303 669 354 σωτηρίαν
695 306 850 354 πρῶτον
874 302 1066 356 ὑπάρχειν
1097 306 1157 342 δεῖ
1188 305 1566 355 παρεσκευασμένην

234 373 288 423 τῷ
313 368 434 422 δήμῳ.
495 369 607 410 οὗτος
626 370 758 409 τοίνυν
779 370 833 410 εἰς
857 369 961 408 τοῦτ’
982 368 1152 419 ἐλήλυθε
1175 373 1242 409 τοῦ
1267 372 1436 420 νομίζειν
1462 373 1564 426 αὐτῷ

236 436 297 475 καὶ
321 435 456 487 λέγειν
486 437 547 475 καὶ
574 435 744 487 γράφειν
771 435 917 485 ἐξεῖναι
942 438 1019 475 πᾶν
1045 437 1066 474 ὅ
1091 452 1127 475 τι
1152 435 1198 475 ἂν
1225 437 1435 486 βούληται,
1461 438 1564 478 ὥστε

233 503 547 552 βεβουλευκυίας
595 505 667 552 μὲν
709 501 825 542 τᾶλλ’
868 501 914 541 δν
956 502 1102 553 τρόπον
1144 503 1253 552 ὑμεῖς
1295 503 1455 544 ἀκούετε
1495 507 1603 553 τῆς5

231 570 395 618 βουλῆς,
425 569 469 608 οὐ
502 568 768 619 πεποιημένης
803 570 843 608 δὲ
880 570 948 610 τὰς
981 567 1162 619 τριήρεις,
1197 569 1399 620 γέγραφεν
1431 573 1566 610 δοῦναι

232 635 304 684 τὴν
329 635 506 686 δωρειάν.

162 718 199 751 17
302 703 377 741 Καὶ
397 702 504 741 ταῦθ’
527 702 577 743 ὡς
602 705 674 752 μὲν
700 701 744 741 οὐ
768 703 874 753 παρὰ
892 702 961 741 τὸν
983 702 1103 751 νόμον
1130 704 1255 747 ἐστίν,
1279 702 1358 741 οὔτ’
1377 702 1426 743 ἂν
1449 703 1563 745 οὗτος

231 769 318 821 ἔχοι
342 768 478 820 λέγειν
505 768 587 808 οὔθ’
613 770 721 819 ὑμεῖς
747 770 987 816 πεισθείητε·
1027 769 1154 808 ἀκούω
1179 769 1211 808 δ’
1239 769 1356 808 αὑτὸν
1385 773 1563 810 τοιοῦτον

230 836 333 885 ἐρεῖν
364 835 435 875 τιν’
461 837 503 875 ἐν
534 836 625 885 ὑμῖν
654 837 791 886 λόγον,
820 835 870 876 ὡς
901 834 973 887 οὐχ
1004 835 1023 884 ἡ
1052 835 1182 885 βουλὴ
1209 835 1341 886 γέγον’
1365 836 1470 874 αἰτία
1496 841 1563 876 τοῦ
1586 854 1625 875 10

228 902 281 951 μὴ
312 905 555 951 πεποιῆσθαι
584 904 653 943 τὰς
686 905 790 949 ναῦς,
818 901 911 941 ἀλλ’
937 902 957 940 ὁ
987 905 1064 941 τῶν
1095 906 1392 953 τριηροποιικῶν
1422 904 1562 952 ταμίας

229 970 403 1020 ἀποδρὰς
438 968 554 1023 ᾤχετ’
582 969 686 1021 ἔχων
718 968 827 1009 πένθ’
854 967 1111 1018 ἡμιτάλαντα,
1141 969 1204 1008 καὶ
1228 968 1274 1008 τὸ
1299 967 1445 1020 πρᾶγμ’
1471 969 1559 1009 ἀτύ-

227 1052 336 1088 χημα
353 1036 625 1085 συμβέβηκεν.
690 1036 768 1087 ἐγὼ
789 1037 830 1075 δὲ
852 1038 1005 1086 πρῶτον
1024 1037 1097 1085 μὲν
1118 1035 1211 1074 αὐτὸ
1231 1038 1345 1074 τοῦτο
1364 1034 1559 1085 θαυμάζω,

227 1103 260 1142 εἰ
287 1106 514 1154 στεφανοῦν
540 1103 604 1142 ἐπὶ
631 1106 713 1143 τοῖς
744 1101 1005 1154 ἠτυχημένοις
1037 1101 1146 1151 ἠξίου
1175 1101 1247 1150 τὴν
1279 1101 1447 1151 βουλήν·
1485 1106 1562 1142 τῶν

228 1169 549 1220 κατορθουμένων
577 1171 652 1221 γὰρ
679 1168 797 1220 ἔγωγ’
819 1168 996 1220 ἡγούμην
1018 1168 1144 1219 ἔργων
1170 1170 1238 1209 τὰς
1263 1169 1443 1209 τοιαύτας
1469 1169 1556 1219 ὡρί-
1586 1186 1620 1216 15

227 1239 320 1276 σθαι
353 1235 479 1286 τιμάς·
523 1236 658 1276 ἔπειτα
696 1237 736 1275 δὲ
773 1234 915 1275 κάκεῖν’
950 1235 1007 1274 ἔτι
1040 1235 1239 1285 βούλομαι
1274 1234 1428 1286 φράσαι
1462 1236 1559 1288 πρὸς

74 1280 195 1373 [59ῗέ
226 1304 335 1352 ὑμᾶς.
407 1303 452 1342 οὔ
478 1308 580 1354 φημι
612 1304 763 1342 δίκαιον
798 1302 898 1342 εἶναι
932 1303 1020 1353 περὶ
1055 1302 1206 1354 ἀμφοῖν
1241 1302 1388 1353 λέγειν,
1418 1303 1479 1342 καὶ
1509 1303 1560 1344 ὡς

224 1369 268 1409 οὐ
302 1371 405 1418 παρὰ
438 1369 506 1409 τὸν
540 1370 662 1420 νόμον
696 1369 718 1419 ἡ
753 1370 894 1420 δωρειὰ
931 1368 1098 1414 δέδοται,
1135 1369 1197 1408 καὶ
1231 1368 1282 1409 ὡς
1316 1368 1360 1408 οὐ
1393 1370 1455 1408 διὰ
1488 1369 1560 1418 τὴν

224 1436 376 1485 θουλὴν
401 1437 469 1476 οὐκ
497 1437 600 1476 εἰσὶν
633 1438 671 1476 αἱ
702 1435 882 1487 τριήρεις.
960 1437 993 1475 εἰ
1022 1438 1095 1486 μὲν
1125 1438 1200 1487 γὰρ
1231 1437 1379 1475 διδόναι
1411 1436 1472 1475 καὶ
1505 1436 1558 1486 μὴ

221 1503 470 1558 ποιησαμένῃ
498 1502 702 1555 προσήκει,
725 1505 767 1543 τί
791 1506 907 1542 τοῦτο
934 1506 995 1542 δεῖ
1017 1501 1165 1554 λέγειν,
1194 1502 1242 1541 δι’
1262 1504 1397 1542 ὅντινα
1422 1501 1559 1552 δήποτ’
1583 1525 1621 1546 20

219 1570 264 1610 οὐ
289 1571 542 1619 πεποίηνται,’
576 1571 608 1609 εἰ
636 1570 667 1609 δ’
690 1569 758 1609 οὐκ
786 1569 931 1619 ἔξεστι,
954 1570 993 1609 τί
1017 1572 1187 1620 μᾶλλον,
1209 1569 1258 1608 ἂν
1283 1571 1345 1608 διὰ
1370 1568 1440 1609 τὸν
1464 1569 1558 1609 δεῖν’

220 1634 242 1686 ἦ
263 1637 331 1676 τὸν
351 1636 444 1677 δεῖν’
465 1636 641 1692 ἐπιδείξῃ
664 1636 714 1687 μὴ
737 1636 1018 1686 πεποιημένας,
1044 1637 1175 1692 ἐκείνῃ
1197 1638 1372 1686 προσῆκε
1391 1639 1556 1685 λαβεῖν,-

148 1720 190 1756 19
221 1704 341 1756 χωρὶς
369 1706 411 1744 δὲ
439 1703 588 1743 τούτων
619 1703 754 1754 ἔμοιγε
790 1706 975 1742 δοκοῦσιν
1011 1703 1166 1754 αἵρεσιν
1197 1703 1286 1752 ὑμῖν
1321 1704 1357 1742 οἱ
1390 1706 1558 1742 τοιοῦτοι

219 1771 335 1822 λόγοι
376 1771 537 1816 διδόναι,
579 1769 710 1821 πότερ’
752 1772 884 1810 οἴεσθε
925 1773 1006 1809 δεῖν
1053 1768 1274 1821 προφάσεις
1315 1769 1376 1808 καὶ
1413 1769 1559 1821 λόγους

221 1838 377 1877 ἀκούειν
414 1841 492 1877 τῶν
527 1837 767 1876 ἀδικούντων
806 1837 904 1886 ὑμᾶς
937 1833 959 1885 ἦ
997 1839 1088 1877 ναῦς
1125 1838 1348 1885 κεκτῆσθαι.
1422 1837 1455 1876 εἰ
1486 1838 1558 1886 μὲν
1581 1857 1618 1888 25

221 1906 295 1955 γὰρ
333 1904 470 1944 τούτου
509 1903 612 1943 ταῦτ’
655 1902 912 1953 ἀποδέξεσθε,
952 1902 1067 1942 ἔσται
1103 1905 1226 1952 δῆλον
1264 1902 1437 1943 ἁπάσαις
1473 1905 1558 1943 ταῖς

220 1975 389 2020 βουλαῖς
414 1972 474 2010 ὅτι
501 1973 562 2010 δεῖ
589 1971 795 2022 πρόφασιν
816 1969 984 2019 πιθανὴν
1012 1969 1183 2020 ἐξευρεῖν
1209 1969 1305 2019 πρὸς
1331 1970 1440 2019 ὑμᾶς,
1468 1969 1557 2020 οὐχὶ

221 2037 389 2089 τριήρεις
416 2036 678 2086 ποιήσασθαι·
718 2038 760 2076 ἐκ
781 2039 820 2076 δὲ
842 2036 981 2076 τούτου
1001 2037 1048 2074 τὰ
1065 2038 1136 2085 μὲν
1162 2035 1329 2088 χρήματ’
1351 2034 1555 2083 ἀναλωθή-

265 2148 284 2176 8
308 2146 367 2186 μὲν
387 2152 461 2186 post
480 2149 520 2178 ὡς
537 2145 588 2176 A:
623 2150 702 2176 ante
721 2147 760 2178 ὡς
779 2145 802 2176 S
816 2145 841 2175 L
860 2145 948 2184 vulg.
1127 2155 1148 2184 9
1172 2145 1352 2182 πεισθείητε
1372 2144 1395 2174 S
1411 2145 1444 2174 L¹
1462 2144 1489 2173 Y
1504 2144 1557 2174 O:

222 2191 402 2228 πεισθείητ’
422 2192 459 2222 ἄν
478 2190 502 2219 L
521 2200 605 2220 corr.
628 2190 719 2228 vulg.
812 2190 862 2220 καὶ
880 2188 1029 2220 τοιοῦτόν
1046 2201 1117 2219 τινα
1136 2190 1216 2227 ἐρεῖν
1234 2188 1264 2217 Α
1372 2198 1404 2217 11
1433 2201 1555 2228 τριηρο-

223 2237 353 2266 ποιικῶν
378 2233 473 2264 Weil
498 2238 636 2263 secutus
660 2233 777 2263 inscrr.
806 2232 977 2271 (Boeckh.
1008 2231 1149 2262 Seeurk.
1180 2242 1209 2271 p.
1237 2233 1315 2270 595:
1347 2234 1557 2272 τριηροποιῶν

224 2279 321 2309 codd.
471 2278 509 2307 16
533 2276 567 2308 δὲ
586 2287 649 2307 om.
673 2277 781 2314 vulg:
805 2276 882 2305 add.
902 2276 925 2305 S
939 2275 964 2304 L
977 2275 1006 2305 A
1158 2285 1194 2312 17
1219 2277 1270 2306 καὶ
1288 2277 1327 2306 ὡς
1345 2277 1380 2306 οὐ
1399 2275 1555 2304 Dobree:

224 2324 265 2352 ὡς
291 2322 340 2352 καὶ
367 2320 426 2351 3¹:
458 2322 498 2352 ὡς
523 2321 574 2352 καὶ
599 2322 634 2351 οὐ
660 2319 683 2350 S
707 2329 791 2349 corr.
813 2319 838 2348 L
859 2320 925 2357 (καὶ
951 2319 985 2348 in
1013 2319 1036 2348 L
1062 2319 1196 2357 punctis
1222 2323 1372 2348 notatum
1399 2328 1446 2357 pr.
1471 2322 1555 2350 πως

227 2376 266 2395 ως
292 2366 326 2394 οὐ
349 2364 437 2403 vulg.
563 2373 599 2393 21
637 2366 762 2403 ἔξεστιν
787 2365 890 2394 αἰτεῖν
916 2362 977 2392 FL
1003 2372 1088 2392 corr.
1212 2372 1251 2391 22
1278 2361 1430 2403 προσήκει
1447 2359 1554 2390 AFL

228 2416 314 2437 corr.
447 2407 489 2437 28
513 2408 650 2448 τριήρεις
668 2407 775 2438 καινὰς
793 2405 824 2435 Α
