1737 2734
130 144 251 199 xxm]
442 147 573 188 KAT‘
617 150 1133 189 ΑΡΙΣΤΟΚΡΑΤΟΎΣ

128 252 237 292 τουτὶ
277 256 330 306 τῷ
371 255 445 302 μὲν
485 252 689 308 ἡγουμένῳ
737 257 815 293 τῶν
854 253 1170 305 Κερσοβλέπτου
1218 253 1458 306 πραγμάτων

130 317 361 370 ἀσφάλειαν
386 320 505 366 διδόν,
533 324 617 362 τοῖς
641 322 683 360 δὲ
708 323 786 360 τῶν
817 319 960 371 ἑτέρων
985 320 1194 371 βασιλέων
1221 326 1458 374 στρατηγοῖς

132 386 266 438 φόβον
304 386 365 426 καὶ
396 386 483 428 δέος
512 385 565 438 μή
595 386 669 427 τιν’
699 387 826 427 αἰτίαν
856 387 984 439 ἔχωσι
1015 386 1226 438 παριστάν,
1258 388 1349 429 τοὺς
1383 391 1457 439 μὲν

130 454 326 498 ἀσθενεῖς,
358 452 426 493 τὸν
460 453 494 494 δ’
526 453 580 494 ἕν’
609 453 689 494 ὄντ’
723 453 890 506 ἰσχυρὸν
924 455 1172 504 καθίστησιν.
1244 455 1308 495 ἵνα
1336 457 1376 495 δὲ
1403 455 1456 506 μὴ

92 539 108 568 5
130 518 233 560 πάνυ
252 519 462 570 θαυμάζητ’
489 521 522 560 εἰ
547 522 595 560 τὰ
615 519 705 572 παρ’
730 521 820 571 ὑμῖν
843 522 1094 573 ψηφίσματα
1112 522 1354 572 τηλικαύτην
1373 521 1459 575 ἔχει

130 587 306 636 δύναμιν,
329 587 494 639 γεγονὸς
521 587 584 627 καὶ
609 586 629 627 ὃ
656 587 800 628 πάντες
821 588 1041 627 ἐπίστασθε
1066 588 1212 640 πρᾶγμ’
1238 589 1336 639 ὑμᾶς
1361 591 1455 629 ὑπο-

129 652 280 703 μνήσω.
338 655 403 694 ὅτε
422 654 677 704 Μιλτοκύθης
698 653 852 704 ἀπέστη
871 655 1034 700 Κότυος,
1054 655 1204 708 συχνὸν
1223 655 1295 706 ἤδη
1312 657 1459 709 χρόνον

129 722 242 761 ὄντος
266 723 334 760 τοῦ
360 720 548 772 πολέμου,
572 722 634 761 καὶ
659 720 969 772 ἀπηλλαγμένου
987 723 1062 772 μὲν
1082 721 1342 774 Ἐργοφίλου,
1363 723 1457 774 μέλ-

129 793 271 829 λοντος
302 787 335 826 δ’
366 787 612 829 Αὐτοκλέους
645 789 806 828 ἐκπλεῖν
841 791 1078 840 στρατηγοῦ,
1114 788 1268 840 ἐγράφη
1300 806 1338 829 τι
1367 790 1458 842 παρ’

72 870 110 891 ιο
129 854 219 904 ὑμῖν
257 852 454 906 ψήφισμα
491 858 680 899 τοιοῦτον,
722 854 770 894 δι’
811 854 855 894 οὗ
894 855 1148 905 Μιλτοκύθης
1189 857 1262 906 μὲν
1302 857 1458 906 ἀπῆλθε

130 921 327 971 φοβηθεὶς
362 921 424 961 καὶ
458 923 626 971 νομίσας
658 923 756 972 ὑμᾶς
791 921 835 961 οὐ
866 922 1084 975 προσέχειν
1117 922 1232 976 αὐτῷ,
1266 924 1393 965 Κότυς
1425 923 1458 963 δ’

130 986 321 1038 ἐγκρατὴς
346 991 414 1027 τοῦ
438 987 470 1027 τ’
495 990 608 1040 ὅρους
633 992 701 1028 τοῦ
727 990 831 1040 ἱεροῦ
865 988 928 1027 καὶ
952 992 1030 1028 τῶν
1056 991 1264 1041 θησαυρῶν
1286 989 1456 1042 ἐγένετο.

131 1053 193 1093 καὶ
218 1053 292 1106 γάρ
319 1071 379 1094 τοι
407 1056 505 1105 μετὰ
529 1054 650 1101 ταῦτ’,
679 1052 708 1094 ὦ
742 1054 879 1106 ἄνδρες
911 1054 1127 1105 Ἀθηναῖοι,
1157 1055 1361 1107 Αὐτοκλῆς
1384 1059 1458 1107 μὲν

128 1120 295 1172 ἐκρίνεθ’
314 1121 365 1163 ὡς
389 1121 655 1164 ἀπολωλεκὼς
682 1121 951 1168 Μιλτοκύθην,
973 1124 1010 1162 οἱ
1036 1124 1078 1162 δὲ
1103 1123 1242 1174 χρόνοι
1267 1125 1365 1163 κατὰ
1389 1128 1458 1164 τοῦ

71 1203 108 1236 15
129 1187 175 1227 τὸ
221 1186 404 1239 ψήφισμ’
447 1189 627 1230 εἰπόντος
668 1191 738 1238 τῆς
776 1191 935 1241 γραφῆς
975 1188 1284 1239 ἐξεληλύθεσαν,
1324 1191 1373 1230 τὰ
1415 1193 1455 1232 δὲ

130 1253 326 1305 πράγματ’
352 1256 563 1295 ἀπωλώλει
593 1261 640 1312 τῇ
666 1256 794 1296 πόλει.
867 1255 908 1295 εῧ
933 1257 1064 1296 τοίνυν
1093 1256 1175 1296 ἴσθ’
1200 1258 1260 1297 ὅτι
1286 1258 1349 1298 καὶ
1374 1261 1454 1304 νῦν,

130 1321 163 1360 εἰ
186 1320 239 1371 μὴ
259 1321 403 1361 λύσετε
422 1322 468 1362 τὸ
487 1321 684 1374 ψήφισμα
703 1323 799 1368 τοδί,
823 1322 885 1362 καὶ
910 1326 991 1364 τοῖς
1009 1326 1230 1373 βασιλεῦσι
1249 1325 1456 1375 θαυμαστὴ

128 1385 340 1439 γενήσεται
365 1387 413 1428 δι’
438 1388 521 1428 αὔτ’
547 1390 690 1439 ἀθυμία
717 1389 777 1429 καὶ
802 1393 883 1430 τοῖς
911 1393 1149 1442 στρατηγοῖς
1173 1390 1314 1430 αὐτῶν·
1352 1392 1456 1433 ὅλως

128 1455 204 1506 γὰρ
231 1454 453 1506 ἡγήσονται
489 1458 720 1507 παρεῶσθαι
748 1457 820 1506 μὲν
854 1456 977 1502 αὐτοί,
1009 1456 1106 1508 πρὸς
1136 1457 1456 1509 Κερσοβλέπτην

71 1538 109 1560 20
128 1520 161 1560 δ’
187 1521 419 1562 ἀποκλίνειν
444 1523 555 1572 ὑμᾶς.
617 1523 650 1562 εἰ
675 1522 708 1562 δ’
733 1524 775 1562 ἐκ
800 1526 868 1562 τοῦ
898 1526 1020 1562 ταῦτα
1044 1527 1192 1574 γνῶναι
1216 1524 1452 1578 παραχωρή-

128 1604 268 1628 σονται
303 1591 373 1638 τῆς
408 1589 533 1642 ἀρχῆς
567 1589 630 1630 ἐπὶ
661 1592 795 1641 καιροῦ
826 1606 931 1630 τινος
964 1589 1094 1631 αὐτοῖς
1127 1589 1360 1641 ἐπιθεμένου
1387 1595 1456 1631 τοῦ

128 1654 456 1706 Κερσοβλέπτου,
478 1654 599 1696 πάλιν
625 1656 739 1707 ὁρᾶτε
759 1657 800 1696 τί
817 1655 1083 1707 συμβήσεται.
1135 1656 1231 1709 φέρε
1257 1660 1332 1709 γὰρ
1358 1658 1455 1710 πρὸς

128 1723 241 1767 θεῶν,
267 1720 316 1762 ἂν
340 1721 441 1772 ἡμᾶς
467 1723 581 1779 ἀδικῇ
619 1722 947 1774 Κερσοβλέπτης,
975 1722 996 1762 ὃ
1025 1726 1184 1774 μᾶλλον
1213 1724 1328 1766 ἐλπὶς
1353 1721 1375 1774 ἢ
1402 1725 1453 1776 μὴ

127 1787 342 1838 δυνηθέντα
378 1791 556 1840 ποιῆσαι,
588 1789 654 1829 οὐκ
693 1789 754 1830 ἐπ’
787 1790 958 1832 ἐκείνους
991 1791 1079 1840 ἴμεν
1113 1790 1175 1830 καὶ
1211 1790 1259 1830 δι’
1295 1792 1455 1832 ἐκείνων

69 1871 106 1902 25
129 1854 278 1904 ἀσθενῆ
315 1859 441 1896 ποιεῖν
475 1855 593 1896 αὐτὸν
632 1855 870 1907 ζητήσομεν;
922 1855 970 1896 ἂν
1002 1856 1070 1897 οὖν
1102 1857 1240 1897 ε’ίπωσ’
1269 1858 1362 1908 ἡμῖν
1395 1860 1456 1898 ὅτι

128 1923 138 1937 ‘
154 1921 275 1972 ὑμεῖς,
302 1919 331 1961 ὦ
357 1922 494 1975 ἄνδρες
520 1922 738 1973 Ἀθηναῖοι,
760 1924 805 1964 οὐ
829 1924 951 1974 μόνον
975 1923 1068 1974 ἡμῖν
1094 1924 1362 1975 ἀδικουμένοις
1387 1925 1454 1964 οὐκ

127 1986 391 2038 ἐβοηθήσατε,
430 1990 536 2029 ἀλλὰ
574 1991 637 2030 καὶ
669 1991 816 2041 φόβον,
851 1990 899 2030 ἂν
933 1991 1029 2038 ὑπὲρ
1063 1990 1172 2040 ἡμῶν
1203 1991 1331 2031 αὐτῶν
1356 1992 1451 2041 ἀμυ-

172 2106 210 2136 13
235 2098 285 2129 καὶ
302 2098 363 2138 ’γάρ
379 2111 429 2129 τοι
446 2108 510 2128 om.
532 2097 562 2128 Α
721 2108 760 2137 19
780 2101 959 2140 παρεῶσθαι
979 2099 1001 2129 S
1019 2112 1068 2139 γρ.
1088 2110 1093 2128 t
1123 2102 1342 2141 παρεωρᾶσθαι
1360 2105 1451 2139 cett„

126 2139 167 2171 cf.
186 2141 207 2170 ii
229 2141 268 2170 18
415 2151 456 2180 23
482 2143 574 2174 ἐλπὶς
592 2142 689 2173 αὐτὸν
705 2142 736 2172 Α
884 2152 924 2180 24
950 2142 1125 2180 δυνηθέντα
1141 2144 1238 2173 codd.
1256 2153 1263 2172 :
1288 2143 1452 2181 δυνηθέντ’

125 2185 163 2214 ἂν
180 2183 298 2223 Cobet,
318 2185 378 2215 sed
397 2185 438 2216 cf.
458 2185 467 2215 i
489 2194 537 2224 14,
559 2185 590 2215 iv
608 2195 637 2224 2,
654 2186 687 2215 ix
705 2194 724 2223 5
815 2195 855 2225 25
880 2187 979 2218 πάλιν
997 2187 1115 2223 ἀσθενῆ
1133 2187 1162 2215 Α
1176 2186 1201 2216 F
1272 2186 1453 2226 ζητήσομεν

125 2227 149 2256 S
163 2226 228 2256 FY
241 2227 291 2258 O:
326 2228 576 2269 ἐπιχειρήσομεν
599 2229 631 2258 Α
809 2230 858 2260 ὅτι
889 2229 912 2259 S
927 2229 950 2259 F
963 2229 992 2259 Y
1006 2229 1035 2259 Ο
1051 2240 1057 2259 t
1091 2230 1167 2271 πρὸς
1198 2232 1302 2262 ταῦτα
1335 2233 1449 2262 ἐκεῖνοι

123 2271 153 2299 Α
285 2272 326 2300 26
351 2273 437 2309 ὑμεῖς
455 2271 489 2303 δὲ
507 2272 537 2302 Α
551 2272 576 2301 F
708 2282 748 2310 27
767 2282 862 2311 seqq.
883 2272 988 2313 φόβον
1005 2295 1012 2302 .
1034 2295 1042 2303 .
1061 2296 1068 2303 .
1089 2274 1318 2313 παρεστήσατε
1338 2274 1361 2305 S
1379 2274 1422 2305 al.
1442 2286 1449 2304 z

123 2313 229 2350 Φόβον
253 2314 495 2355 ἀνυπέρβλητον
519 2316 569 2346 καὶ
594 2315 786 2354 θαυμαστόν7
814 2317 852 2348 ἂν
868 2340 874 2346 .
896 2339 903 2346 .
922 2339 929 2346 .
950 2316 1146 2355 ἀμυνώμεθα,
1171 2318 1399 2358 παρεστήσατε
1424 2317 1448 2348 S

123 2368 173 2395 γρ.
190 2367 195 2387 :
221 2357 326 2396 φόβον
343 2359 588 2399 ἀνυπέρβλητον
605 2360 655 2391 καὶ
674 2360 856 2398 θαυμαστὸν
871 2360 1109 2399 παρεστήσατε,
1126 2360 1163 2392 ἂν
1181 2383 1188 2391 .
1207 2384 1214 2392 .
1234 2384 1240 2390 .
1260 2360 1448 2399 ἀμυνώμεθα

123 2399 176 2472 ,ἒς
209 2400 295 2430 idem
323 2402 414 2440 quod
442 2401 473 2431 A
500 2401 625 2432 omisso
658 2403 696 2433 ἂν
720 2425 726 2431 .
752 2426 759 2432 .
790 2427 796 2433 .
824 2403 1011 2442 ἀμυνώμεθα
1035 2401 1108 2432 ΥΟ
1288 2413 1328 2442 27
1362 2406 1447 2443 ὑμῶν

1259 2481 1316 2511 12*

1490 152 1607 207 [654]

1491 472 1556 505 104

1491 659 1605 714 [655]

1491 1277 1553 1313 ¹05

1489 1668 1553 1702 106
