1737 2734
163 161 278 216 xxlv]
500 166 658 205 RATA
704 165 1153 204 TIMOKPATOTE
1522 164 1628 218 [727]

161 270 294 320 νόμον,
321 268 364 312 ὃς
389 269 624 310 καθιστάναι
647 271 719 320 μὲν
744 270 838 309 ὅταν
861 269 1058 319 βούληται
1085 269 1249 314 κελεύει,
1272 267 1488 320 φυλάττειν

161 339 202 376 δὲ
238 335 335 377 τέως
376 336 419 376 οὐ
454 336 579 388 λέγει,
617 336 709 381 οὐδ’,
747 336 796 376 ἂν
835 334 1218 388 ἀποχειροτονήσηθ’
1252 335 1362 386 ὑμεῖς
1398 335 1488 376 τοὺς

161 402 366 455 ἐγγυητάς,
409 403 647 455 προστάττει
689 402 886 447 δεδέσθαι,
928 402 1020 442 ἀλλ’
1060 402 1112 444 ὡς
1154 403 1311 452 ἀληθῶς
1352 402 1488 453 ὥσπερ

160 468 485 522 ἀλεξιφάρμακόν
512 471 598 510 ἐστι
622 474 705 511 τοῖς
731 471 876 510 ἀδικεῖν
901 468 1180 520 βουλομένοις.

122 556 138 586 5
231 539 322 591 ίΤῷ
352 539 393 577 δὲ
424 535 746 586 καταστήσαντι’
779 536 881 589 φησὶ
908 536 1022 577 ’τοὺς
1056 535 1262 588 ἐγγυητάς,
1290 536 1358 575 ἐὰν
1391 535 1486 575 ἇπο-
1519 543 1563 577 86

161 603 251 657 διδῷ
272 604 317 658 τῇ
340 604 455 643 πόλει
478 603 523 642 τὸ
550 603 762 655 ἀργύριον.’
820 602 942 643 πάλιν
963 603 1117 642 ἐνταῦθ’
1136 601 1309 653 ἐπέμειν’
1329 602 1393 642 ἐπὶ
1419 604 1487 641 τοῦ

160 669 482 722 κακουργήματος
507 670 527 709 ὃ
551 670 673 725 μικρῷ
700 671 891 721 πρότερον
917 669 1041 714 εἶπον,
1071 669 1132 708 καὶ
1158 669 1226 708 οὐκ
1255 668 1484 714 ἐπελάθετο,

159 736 239 776 οὐδ’
265 736 419 789 ἔγραψε
443 736 488 776 τὸ
512 737 659 787 τίμημα
691 737 734 776 τὸ
764 737 1014 788 γιγνόμενον,
1042 736 1150 775 ἀλλὰ
1179 736 1224 776 τὸ
1254 735 1439 788 ἀργύριον
1466 734 1486 774 ὃ

159 802 311 854 ὦφλεν,
339 804 408 843 ἐὰν
434 803 617 857 ἀποδιδῷ,
646 804 840 855 ἀφεῖσθαι
863 806 930 842 τοῦ
955 805 1114 853 δεσμοῦ.
1520 805 1630 859 [728]

103 887 140 908 ιο
229 870 237 884 ‘
255 869 354 909 Ἐὰν
373 871 415 909 δὲ
434 870 486 920 μὴ
508 869 716 925 καταβάλῃ
735 869 781 909 τὸ
801 869 987 921 ἀργύριον
1011 866 1034 919 ἦ
1060 869 1176 910 αὐτὸς
1195 865 1218 918 ἦ
1239 870 1274 909 οἱ
1300 869 1487 921 ἐγγυηταὶ
1519 878 1562 920 87

160 937 224 977 ἐπὶ
248 938 318 985 τῆς
342 935 483 986 ἐνάτης
507 937 754 988 πρυτανείας,
778 935 845 976 τὸν
877 938 950 986 μὲν
976 934 1264 987 ἐξεγγυηθέντα
1288 935 1486 981 δεδέσθαι,

158 1007 238 1043 τῶν
272 1003 305 1042 δ’
341 1004 544 1054 ἐγγυητῶν
577 1004 771 1053 δημοσίαν
805 1002 906 1042 εἶναι
937 1002 1009 1052 τὴν
1042 1001 1210 1042 οὐσίαν.’
1282 1003 1324 1042 ἐν
1357 1001 1402 1052 δὴ
1435 1005 1488 1056 τῷ

158 1070 371 1123 τελευταίῳ
414 1070 538 1123 τούτῳ
582 1073 786 1111 παντελῶς
834 1068 949 1110 αὐτὸς
996 1070 1115 1109 αὑτοῦ
1164 1067 1393 1121 κατήγορος,
1437 1068 1489 1110 ὡς

159 1137 295 1181 ἀδικεῖ,
321 1136 496 1188 γεγονὼς
521 1135 758 1187 φανήσεται.
822 1135 867 1175 οὐ
893 1137 967 1187 γὰρ
992 1136 1095 1176 ὅλως
1120 1140 1164 1175 τὸ
1191 1135 1375 1176 δεδέσθαι
1399 1137 1489 1176 τινὰ

102 1220 137 1251 15
158 1207 235 1243 τῶν
254 1206 427 1243 πολιτῶν
452 1203 622 1255 αἰσχρὸν
648 1199 671 1252 ἢ
697 1202 824 1242 δεινὸν
845 1204 1010 1252 νομίσας
1028 1202 1173 1242 ἀπεῖπε
1196 1202 1248 1253 μὴ
1268 1204 1363 1247 δεῖν,
1383 1202 1490 1243 ἀλλὰ

158 1273 227 1309 τὸν
253 1269 388 1321 καιρὸν
413 1271 455 1309 ἐν
480 1268 508 1324 ᾧ
532 1269 600 1309 τὸν
624 1268 821 1319 ἠδικηκότ’
846 1270 940 1318 ἐνῆν
969 1269 1146 1320 παρόντα
1176 1273 1322 1319 λαβεῖν
1348 1268 1483 1309 ἐκκλέ-

158 1341 254 1388 ψας,
290 1337 461 1387 τοῦνομα
495 1338 569 1387 μὲν
601 1338 670 1386 τῆς
706 1336 893 1388 τιμωρίας
928 1335 1065 1376 ἔλιπεν
1100 1339 1183 1377 τοῖς
1220 1334 1488 1385 ἀδικουμένοις

158 1404 262 1454 ὑμῖν,
284 1403 330 1443 τὸ
353 1403 385 1443 δ’
406 1403 523 1455 ἔργον
548 1404 751 1454 ἀφείλετο.
812 1402 875 1442 καὶ
895 1401 985 1454 παρ’
1006 1403 1181 1442 ἀκόντων
1207 1402 1317 1442 ἔδωκ’
1339 1402 1488 1454 ἄφεσιν

159 1473 242 1511 τοῖς
272 1471 320 1510 τὰ
353 1469 506 1521 ὑμέτερ’
541 1469 719 1520 ἀξιοῦσιν
752 1469 860 1522 ἔχειν
892 1470 978 1522 βίᾳ,
1014 1469 1076 1508 καὶ
1107 1470 1230 1518 μόνον
1262 1468 1306 1508 οὐ
1339 1468 1484 1520 προσέ-

99 1552 139 1574 20
158 1540 293 1589 γραψε
322 1537 432 1586 δίκην
466 1535 610 1586 ἐξεῖναι
637 1539 780 1588 λαχεῖν
813 1536 914 1590 αὐτῷ
945 1537 1042 1575 κατὰ
1071 1539 1148 1576 τῶν
1178 1538 1377 1576 δικαστῶν
1409 1539 1488 1576 τῶν

159 1603 517 1655 προστιμησάντων
542 1606 611 1643 τοῦ
635 1604 793 1653 δεσμοῦ.

219 1668 273 1709 *Ὁ
300 1669 355 1715 δέ,
382 1673 545 1710 πολλῶν
571 1671 696 1709 ὄντων
722 1669 784 1710 καὶ
809 1672 946 1710 δεινῶν
970 1670 1026 1710 ὧν
1051 1670 1095 1710 ἐν
1118 1673 1172 1724 τῷ
1198 1669 1303 1724 νόμῳ
1332 1667 1485 1719 τέθηκε,
1519 1679 1563 1713 88

158 1736 322 1788 μάλιστ’
342 1736 452 1787 ἄξιόν
473 1735 556 1776 ἐστ’
576 1738 863 1788 ἀγανακτῆσαι,
889 1737 1091 1788 βούλομαι
1109 1737 1206 1788 πρὸς
1225 1738 1323 1787 ὑμᾶς
1348 1737 1485 1776 εἰπεῖν.

159 1803 207 1844 δι’
221 1805 316 1844 ὅλου
333 1806 407 1856 γὰρ
422 1807 490 1844 τοῦ
507 1804 626 1854 νόμου
642 1804 694 1857 τῷ
709 1802 1003 1853 καταστήσαντι
1018 1803 1109 1845 τοὺς
1125 1804 1318 1855 ἐγγυητὰς
1335 1802 1489 1843 ἅπαντα

100 1885 137 1916 25
158 1870 282 1922 λέγει,
313 1871 365 1925 τῷ
401 1873 443 1911 δὲ
474 1869 526 1920 μὴ
562 1869 792 1910 καθιστάντι
827 1868 925 1921 μήτε
960 1871 1150 1921 βελτίους
1185 1868 1283 1920 μήτε
1316 1871 1485 1923 χείρους,

157 1937 246 1987 μηδ’
272 1938 376 1979 ὅλως
406 1936 651 1990 προσέχοντι
682 1936 751 1977 τὸν
784 1940 876 1977 νοῦν
905 1938 1011 1987 ὑμῖν,
1040 1936 1225 1987 οὐδεμίαν
1254 1936 1344 1976 οὔτε
1375 1937 1488 1986 δίκην

158 2005 247 2044 οὔτε
267 2005 455 2055 τιμωρίαν
475 2002 796 2056 προσγέγραφεν,
815 2003 907 2044 ἀλλ’
925 2003 1061 2044 ἄδειαν
1080 2004 1272 2053 πεποίηκε
1290 2002 1487 2052 τοσαύτην

159 2071 261 2120 ὅσην
285 2070 368 2110 οἶόν
397 2087 440 2110 τε
472 2069 661 2122 γενέσθαι
690 2070 900 2120 πλείστην.
974 2070 1036 2110 καὶ
1068 2071 1143 2122 γὰρ
1168 2069 1237 2110 τὸν
1270 2068 1416 2122 χρόνον
1441 2069 1487 2109 ὃν

159 2137 333 2190 διώρισε,
355 2136 427 2186 τὴν
447 2135 588 2187 ἐνάτην
607 2137 859 2189 πρυτανείαν,
878 2138 930 2192 τῷ
952 2135 1247 2186 καταστήσαντι
1266 2135 1378 2188 λέγει
1397 2136 1487 2177 τοὺς

201 2256 221 2284 3
253 2245 449 2288 προστάττει
474 2251 550 2276 ante
575 2244 722 2278 δεδέσθαι
749 2245 796 2276 S:
829 2250 904 2285 post
928 2246 1074 2278 δεδέσθαι
1099 2245 1189 2284 vulg.
1336 2247 1357 2275 6
1389 2245 1438 2285 ἐφ’
1464 2244 1487 2285 ᾧ

159 2290 343 2328 κατέστησε
367 2291 442 2322 τοὺς
468 2289 640 2330 ἐγγυητάς,
667 2291 794 2330 ἀφεῖναι
820 2290 985 2330 (ἀφεῖσθαι
1011 2289 1034 2319 S
1052 2290 1156 2327 corr.)
1182 2291 1239 2320 τοῦ
1264 2291 1384 2327 δεσμοῦ
1409 2295 1486 2327 post

159 2333 306 2374 ἀργύριον
323 2333 398 2363 add.
418 2333 507 2371 vulg.
529 2332 552 2362 S
569 2342 655 2363 corr.
673 2344 678 2363 :
704 2342 768 2363 om.
789 2332 824 2362 S¹
934 2342 971 2371 15
996 2333 1126 2371 ἀπεῖπε]
1145 2332 1214 2364 εἶπε
1232 2332 1263 2362 Α
1366 2341 1403 2369 17
1427 2331 1489 2371 μὲν

159 2386 222 2406 (τη.
243 2375 293 2415 8¹,
312 2376 387 2407 add.
408 2386 448 2407 m.
470 2381 538 2406 ant.
666 2376 704 2406 18
728 2378 845 2413 λαβεῖν
862 2380 938 2415 post
955 2378 1027 2416 ὑμῖν
1043 2376 1118 2406 add.
1141 2375 1165 2406 F
1283 2385 1322 2414 19
1346 2373 1488 2416 ἡμέτερα

160 2418 225 2449 SA
358 2420 402 2450 26
424 2420 497 2460 μηδ’
518 2419 669 2451 Franke:
693 2418 765 2459 μήθ’
785 2420 883 2450 codd.
1301 2461 1358 2493 16*
