1737 2734
118 551 135 581 5

101 883 137 904 10

160 160 247 211 xxlj
583 161 743 198 ΚΑΤΑ
789 159 1062 198 ΜΕΙΔΙΟΎ

156 266 369 320 χρημάτων
386 269 550 306 πολλῶν
576 265 726 317 θρασὺν
744 265 805 304 καὶ
830 263 1029 316 βδελυρὸν
1055 263 1116 303 καὶ
1140 265 1321 303 τοιοῦτον
1336 262 1484 314 ἄνθρω-

157 350 233 374 πον
258 335 327 373 ἐᾶν
352 333 452 373 εἶναι
479 333 621 384 κύριον,
644 330 829 384 ἀφορμήν
854 332 967 371 ἐστιν
994 329 1060 383 ἐφ’
1079 330 1179 380 ὑμᾶς
1204 329 1343 370 αὐτοὺς
1369 331 1485 369 δεδω-

159 400 278 440 κέναι.
349 401 390 440 τί
421 400 490 439 οὖν
525 400 765 444 ὑπόλοιπον,·
809 400 976 447 ἐλεῆσαι
1012 396 1057 446 νὴ
1099 397 1191 436 Δία·
1239 397 1377 436 παιδία
1412 397 1488 447 γὰρ

157 465 455 518 παραστήσεται
490 466 552 505 καὶ
590 464 758 515 κλαήσει
791 465 851 504 καὶ
888 465 1040 506 τούτοις
1071 462 1190 503 αὑτὸν
1222 461 1485 512 ἐξαιτήσεται·

156 536 269 573 τοῦτο
294 535 368 585 γὰρ
398 534 554 573 λοιπόν.
625 531 718 572 ἀλλ’
743 533 832 572 ’ίστε
861 530 986 580 δήπου
1014 529 1120 570 τοῦθ’
1146 531 1206 570 ὅτι
1230 529 1320 571 τοὺς
1345 530 1487 570 ἀδίκως

156 617 193 639 τι
217 599 462 652 πάσχοντας,
489 599 510 639 ὃ
533 599 586 649 μὴ
612 597 849 648 δυνήσονται
875 596 1026 649 φέρειν,
1054 598 1183 637 ἐλεεῖν
1208 595 1414 648 προσήκει,
1442 595 1486 636 οὐ

156 666 246 708 τοὺς
280 667 335 706 ὧν
371 665 610 716 πεποιήκασι
646 668 785 705 δεινῶν
822 665 932 714 δίκην
969 665 1159 704 διδόντας.
1244 664 1306 703 καὶ
1342 664 1401 705 τίς
1438 662 1486 702 ἂν

157 732 263 773 ταῦτ’
298 732 479 782 ἐλεήσειε
515 733 684 778 δικαίως,
718 732 818 783 ὁρῶν
855 732 903 770 τὰ
939 730 1040 770 τοῦδ’
1075 730 1143 769 οὐκ
1176 728 1377 780 ἐλεηθένθ’
1409 729 1485 769 ὑπὸ

157 799 307 845 τούτου,
334 801 357 839 a
385 806 432 856 τῇ
460 803 529 840 τοῦ
551 798 698 850 πατρὸς
723 803 910 852 συμφορᾷ
937 798 1060 850 χωρὶς
1084 800 1162 837 τῶν
1191 796 1329 836 ἄλλων
1359 800 1486 836 κακῶν

156 866 238 907 οὐδ’
271 868 496 917 ἐπικουρίαν
530 868 698 906 ἐνοῦσαν
731 866 813 919 ὁρᾷ.
869 864 915 903 οὐ
950 863 1026 916 γάρ
1062 865 1174 903 ἐστιν
1207 863 1359 915 ὄφλημ’
1392 864 1414 902 ὅ
1448 880 1487 903 τι

156 933 232 986 χρὴ
258 933 461 973 καταθέντ’
482 933 662 983 ἐπίτιμον
687 932 878 984 γενέσθαι
901 931 1068 976 τουτονί,
1091 929 1181 970 ἀλλ’
1201 931 1338 971 ἁπλῶς
1363 930 1486 971 οὕτως

155 999 346 1050 ἠτίμωται
376 1005 422 1056 τῇ
450 1000 550 1055 ῥύμῃ
579 1002 648 1048 τῆς
680 1000 798 1050 ὀργῆς
830 999 892 1038 καὶ
922 999 992 1047 τῆς
1020 998 1175 1048 ὕβρεως
1203 999 1274 1046 τῆς
1304 997 1484 1037 Μειδίου.

156 1068 216 1108 τίς
251 1067 319 1107 οὖν
350 1067 524 1118 ὑβρίζων
554 1066 747 1106 παύσεται
781 1066 844 1105 καὶ
884 1063 934 1104 δι’
967 1064 992 1104 ἃ
1029 1067 1151 1103 ταῦτα
1182 1067 1288 1103 ποιεῖ
1316 1062 1485 1116 χρήματ’

156 1132 486 1185 ἀφαιρεθήσεται,
513 1134 547 1173 εἰ
577 1136 715 1173 τοῦτον
741 1133 877 1183 ὥσπερ
909 1132 1018 1171 δεινὰ
1051 1129 1248 1183 πάσχοντ’
1274 1128 1482 1180 ἐλεήσετε,·

157 1201 191 1240 εἰ
224 1199 269 1240 δέ
299 1217 357 1242 τις
390 1199 510 1250 πένης
541 1201 663 1250 μηδὲν
695 1198 887 1249 ἠδικηκὼς
919 1201 1006 1238 ταῖς
1037 1196 1231 1250 ἐσχάταις
1262 1201 1484 1249 συμφοραῖς

157 1267 299 1308 ἀδίκως
323 1268 397 1307 ὑπὸ
422 1266 561 1306 τούτου
586 1266 868 1318 περιπέπτωκε,
894 1265 1019 1318 τούτῳ
1045 1263 1077 1304 δ’
1103 1263 1192 1304 οὐδὲ
1218 1262 1482 1315 συνοργισθή-

158 1337 302 1381 σεσθε;
340 1337 539 1384 μηδαμῶς·
577 1333 702 1375 οὐδεὶς
732 1331 807 1385 γάρ
833 1334 921 1372 ἐστι
954 1332 1102 1372 δίκαιος
1131 1330 1345 1383 τυγχάνειν
1371 1329 1485 1370 ἐλέου

157 1404 236 1441 τῶν
259 1400 392 1451 μηδέν’
421 1401 650 1446 ἐλεούντων,
671 1400 759 1440 οὐδὲ
786 1399 1023 1451 συγγνώμης
1048 1402 1126 1438 τῶν
1150 1398 1484 1449 ἀσυγγνωμόνων.

157 1468 237 1519 ἐγὼ
260 1469 336 1520 γὰρ
360 1466 467 1517 οἶμαι
490 1466 638 1508 πάντας
658 1467 885 1518 ἀνθρώπους
912 1464 1049 1518 φέρειν
1068 1464 1202 1514 ἀξιοῦν
1226 1463 1317 1515 παρ’
1338 1466 1486 1504 ἑαυτῶν

159 1535 214 1576 εἷς
249 1534 318 1575 τὸν
350 1535 444 1584 βίον
475 1535 605 1575 αὑτοῖς
635 1534 775 1586 ἔρανον
817 1534 922 1584 παρὰ
958 1531 1074 1572 πάνθ’
1113 1533 1192 1571 ὅσα
1226 1530 1483 1582 πράττουσιν·

158 1602 243 1641 οἷον
273 1602 351 1653 ἐγώ
383 1618 442 1643 τις
475 1601 611 1641 οὑτοσὶ
644 1599 800 1652 μέτριος
833 1602 928 1651 πρὸς
960 1597 1136 1639 ἅπαντάς
1171 1597 1260 1649 εἰμ’,
1292 1597 1483 1648 ἐλεήμων,

160 1667 202 1707 εὖ
231 1672 354 1709 ποιῶν
384 1669 573 1709 πολλούς·
611 1667 739 1707 ἅπασι
767 1664 961 1718 προσήκει
990 1669 1044 1719 τῷ
1074 1665 1237 1719 τοιούτῳ
1267 1664 1374 1704 ταῦτ’
1401 1666 1483 1704 εἰσ-

160 1734 311 1787 φέρειν,
332 1735 401 1775 ἐάν
420 1752 489 1775 του
510 1734 641 1786 καιρὸς
665 1731 688 1783 ἢ
714 1736 828 1786 χρεία
847 1738 1043 1788 παραστῇ.
1115 1733 1247 1782 ἕτερος
1266 1732 1406 1771 οὑτοσί
1428 1748 1484 1772 τις

158 1803 304 1852 βίαιος,
331 1801 456 1842 οὐδέν’
489 1801 569 1841 οὔτ’
603 1802 727 1840 ἐλεῶν
762 1799 843 1840 οὔθ’
877 1801 980 1840 ὅλως
1013 1798 1220 1850 ἄνθρωπον
1253 1798 1483 1850 ἡγούμενος·

158 1869 280 1923 τούτῳ
314 1871 385 1911 τὰς
417 1869 552 1919 ὁμοίας
593 1869 719 1920 φορὰς
759 1866 849 1918 παρ’
883 1865 1055 1906 ἑκάστου
1093 1865 1244 1905 δίκαιον
1278 1864 1484 1917 ὑπάρχειν.

158 1936 209 1976 σὺ
238 1935 296 1986 δή,
326 1935 532 1987 πληρωτὴς
562 1935 740 1974 τοιούτου
774 1934 948 1986 γεγονὼς
981 1932 1121 1984 ἐράνου
1155 1935 1321 1985 σεαυτῷ,
1348 1934 1486 1971 τοῦτον

157 2003 305 2045 δίκαιος
329 2002 368 2043 εἶ
389 1999 678 2051 συλλέξασθαι.

223 2069 420 2122 Ἡγοῧμαι
453 2071 525 2120 μὲν
557 2069 702 2114 τοίνυν,
730 2066 760 2108 ὦ
789 2067 927 2119 ἄνδρες
957 2066 1175 2116 Ἀθηναῖοι,
1204 2066 1267 2105 καὶ
1301 2067 1333 2105 εἰ
1363 2067 1484 2116 μηδὲν

201 2189 263 2218 5-7
289 2178 390 2208 verba
417 2176 492 2209 ἀλλ’
516 2180 589 2209 ’ἴστε
614 2176 714 2214 δήπου
741 2202 747 2207 .
774 2199 781 2206 .
807 2198 815 2206 .
848 2176 939 2212 δίκην
964 2174 1110 2206 διδόντας
1135 2173 1233 2204 obelo
1258 2178 1374 2204 notata
1399 2174 1430 2203 in
1460 2173 1484 2203 F

159 2226 196 2259 §§
220 2232 363 2253 100—101
384 2222 492 2252 obelis
511 2226 647 2250 notatae
664 2220 697 2250 in
717 2219 798 2256 SF;
824 2229 898 2249 cum
919 2222 934 2255 ξς
957 2228 1014 2248 101
1035 2217 1075 2247 cf.
1099 2221 1113 2254 ξ
1137 2219 1195 2255 184
1214 2227 1264 2256 sq.
1392 2219 1432 2247 16
1455 2217 1483 2249 δ’

157 2266 229 2298 οὐδὲ
248 2265 313 2296 SY
327 2265 356 2295 O
371 2265 416 2295 P:
443 2265 477 2297 δὲ
495 2266 530 2295 οὐ
547 2264 635 2293 AF:
660 2263 694 2295 δὲ
711 2264 754 2302 μὴ
771 2262 813 2292 al.
998 2272 1036 2301 19
1058 2262 1162 2300 ἀξιοῦν
1179 2261 1259 2291 secl.
1280 2260 1419 2299 Reiske,
1440 2261 1480 2291 cs.

159 2311 174 2346 ᾗ
199 2311 256 2348 184
391 2319 433 2339 20
458 2312 534 2347 post
550 2307 749 2347 πράττουσιν
765 2307 841 2336 add.
859 2306 958 2336 codd.
981 2303 1131 2334 nonnulli
1149 2306 1184 2335 οὐ
1201 2307 1318 2335 τοῦτον
1333 2304 1432 2342 μόνον
1448 2306 1484 2336 ὃν

158 2353 357 2393 συλλέγουσι
381 2354 432 2384 καὶ
455 2351 498 2383 ὧν
521 2350 588 2390 (vel
611 2349 660 2386 οὗ)
684 2351 850 2391 πληρωταὶ
872 2350 1043 2389 γίγνονταί
1066 2360 1162 2386 τινες,
1185 2348 1273 2379 ἀλλὰ
1297 2349 1348 2379 καὶ
1374 2348 1485 2380 ἄλλων

159 2397 226 2435 &vel
255 2397 386 2434 ἄλλον),
415 2395 455 2426 cf.
487 2398 501 2430 ξ
534 2395 593 2432 184
742 2403 782 2431 23
818 2406 876 2423 του
904 2392 927 2422 S
946 2392 1058 2422 solus:
1093 2404 1154 2422 που
1179 2391 1293 2430 vulg.:
1329 2404 1382 2422 ποι
1410 2391 1483 2421 ΥΟ

157 2449 198 2477 24
224 2439 337 2471 οὐδένα
353 2439 420 2470 οὔτ’
439 2438 526 2476 vulg.
542 2448 548 2468 :
577 2436 689 2469 οὐδένα
704 2437 730 2468 δ’
749 2436 815 2468 οὔτ’
835 2436 858 2466 S
872 2435 900 2465 Y
913 2435 943 2466 Ο
957 2435 983 2465 Ρ
1316 2479 1348 2509 6*

1521 157 1636 211 [546]

1517 407 1562 441 99

1518 928 1628 982 [547]

1520 1078 1585 1102 100

1521 1480 1578 1504 101
