1737 2734
131 596 176 630 34

57 1247 175 1301 [468]

132 1992 174 2026 37

634 146 1119 184 ΔΗΜΟΣΘΕΝΟΎΣ
1463 141 1531 196 [xx

205 250 387 290 ἀτέλειαν
404 250 507 300 ἡμῖν.
560 250 622 289 καὶ
637 252 684 289 τὰ
699 252 771 299 μὲν
786 250 890 288 ἄλλα
907 253 1057 293 σιωπῶ,
1075 249 1194 289 πόλλ’
1212 249 1259 289 ἂν
1275 250 1379 303 ἔχων
1396 251 1533 296 εἰπεῖν,

205 317 266 356 ὅσ’
293 316 545 368 εὐεργέτηκεν
569 317 667 365 ὑμᾶς
693 316 803 356 οὗτος
830 315 926 366 ἀνὴρ
954 317 1015 355 καὶ
1041 316 1156 357 αὐτὸς
1184 317 1246 355 καὶ
1271 318 1307 356 οἱ
1333 317 1533 367 πρόγονοι·

207 384 313 423 ἀλλὰ
350 382 601 434 πρωπέρυσιν
640 383 834 422 σιτοδείας
868 384 971 432 παρὰ
1006 384 1129 421 πᾶσιν
1167 383 1388 433 ἀνθρώποις
1421 399 1532 433 γενο-

205 449 324 499 μένης
360 449 403 488 οὐ
439 450 561 499 μόνον
596 449 685 497 ὑμῖν
720 448 852 487 ἱκανὸν
891 451 1002 487 σῖτον
1040 447 1292 493 ἀπέστειλεν,
1327 450 1432 488 ἀλλὰ
1468 465 1532 487 το-

207 520 350 555 σοῦτον
376 516 478 555 ὥστε
503 513 766 554 πεντεκαίδεκ’
792 515 974 565 ἀργυρίου
999 513 1186 559 τάλαντα,
1210 514 1234 554 ἃ
1256 513 1535 564 Καλλισθένης

207 580 386 636 διῴκησε,
409 579 808 633 προσπεριγενέσθαι.
881 581 919 620 τί
942 580 1009 620 οὖν
1036 580 1172 625 οἴεσθ’,
1197 578 1225 619 ὦ
1251 580 1387 631 ἄνδρες
1414 581 1532 630 Ἀθη-

206 653 320 692 ναῖοι,
339 651 477 687 τοῦτον
496 647 563 687 τὸν
582 650 759 687 τοιοῦτον
776 648 863 698 περὶ
884 647 981 696 ὑμᾶς
999 646 1276 698 γεγενημένον,
1297 648 1365 687 ἐὰν
1382 647 1531 702 ἀκούσῃ

206 715 309 767 νόμῳ
346 714 417 763 τὴν
448 713 630 753 ἀτέλειαν
666 715 763 763 ὑμᾶς
799 713 1076 768 ἀφῃρημένους
1114 713 1231 753 αὐτὸν
1269 714 1331 752 καὶ
1363 713 1451 763 μηδ’
1485 713 1533 753 ἂν

204 780 399 835 μεταδόξῃ
432 783 526 820 ποτὲ
556 779 864 831 ψηφισαμένους
899 779 1043 829 ἐξεῖναι
1073 782 1225 825 ὃοῦναι;
1268 779 1327 830 ἆρ’
1361 779 1532 831 ἀγνοεῖθ’

205 848 265 887 ὅτι
290 848 310 886 ὁ
330 847 446 888 αὐτὸς
466 847 583 896 νόμος
603 847 714 886 οὗτος
734 847 882 886 ἐκεῖνόν
902 845 935 885 τ’
956 845 1221 897 ἀφαιρήσεται
1241 845 1312 895 τὴν
1333 845 1528 891 ἀτέλειαν,

208 913 335 964 κύριος
360 913 407 953 ἂν
433 913 607 964 γένηται,
631 914 691 952 καὶ
717 914 824 962 ὑμῶν
848 913 936 954 τοὺς
962 912 1052 963 παρ’
1075 913 1224 952 ἐκείνου
1250 915 1527 964 σιτηγοῦντας;

207 980 250 1019 οὐ
277 982 351 1031 γὰρ
376 978 498 1029 δήπου
518 980 633 1019 τοῦτό
648 979 684 1031 γ’
703 980 925 1030 ὑπείληφεν
945 979 1081 1023 οὐδείς,
1105 979 1155 1020 ὡς
1180 980 1327 1020 ἐκεῖνος
1345 979 1533 1029 ὑπομενεῖ

208 1049 329 1100 ἑαυτῷ
365 1049 438 1096 μὲν
471 1047 634 1097 ἀκύρους
668 1046 768 1085 εἶναι
798 1047 867 1086 τὰς
901 1045 990 1096 παρ’
1026 1046 1133 1095 ὑμῶν
1163 1045 1337 1096 δωρειάς,
1369 1046 1458 1095 ὑμῖν
1489 1047 1530 1084 δὲ

205 1112 338 1162 μένειν
363 1115 431 1154 τὰς
458 1112 548 1164 παρ’
575 1115 725 1152 ἑαυτοῦ.
799 1112 936 1152 οὐκοῦν
957 1112 1052 1163 πρὸς
1078 1115 1243 1152 πολλοῖς
1269 1112 1325 1153 οἷς
1349 1111 1532 1163 βλάψειν

206 1180 304 1229 ὑμᾶς
334 1180 354 1218 ὁ
385 1180 503 1229 νόμος
536 1181 732 1230 φαίνεται,
765 1180 826 1219 καὶ
862 1179 1201 1230 προσαφαιρεῖταί
1231 1195 1268 1218 τι
1299 1182 1376 1218 τῶν
1408 1179 1527 1229 ὑπαρ-

207 1247 361 1298 χόντων
377 1246 461 1296 ἤδη.
522 1245 592 1285 εἶθ’
610 1247 717 1295 ὑμεῖς
734 1246 790 1285 ἔτι
807 1244 981 1285 σκοπεῖτ’
999 1247 1032 1284 εἰ
1051 1244 1126 1297 χρὴ
1146 1248 1283 1284 τοῦτον
1301 1243 1526 1295 ἐξαλεῖψαι,

208 1313 269 1352 καὶ
308 1313 352 1353 οὐ
388 1312 511 1352 πάλαι
550 1312 846 1362 βεβούλευσθε·
900 1311 1098 1363 ἀνάγνωθι
1137 1312 1278 1361 λαβὼν
1315 1312 1445 1352 αὐτοῖς
1485 1312 1531 1349 τῖι

205 1381 453 1432 ψηφίσματα
476 1380 524 1418 τὰ
550 1381 637 1430 περὶ
662 1382 730 1418 τοῦ
751 1378 966 1420 ,Χεύκωνος

747 1498 999 1526 ΨΗΦΙΣΜΑΤΑ.

271 1577 346 1619 εΩς
387 1580 457 1628 μὲν
497 1578 656 1618 εἰκότως
697 1578 758 1616 καὶ
798 1577 954 1617 δικαίως
994 1576 1207 1629 τετύχηκεν
1244 1578 1313 1626 τῆς
1354 1576 1533 1618 ἀτελείας
1561 1593 1574 1613 2

207 1645 294 1696 παρ’
322 1645 428 1694 ὑμῶν
454 1645 474 1682 ὁ
505 1644 676 1689 λεύκων,
705 1642 888 1693 ἀκηκόατ’
920 1644 961 1683 ἐκ
991 1646 1068 1683 τῶν
1095 1641 1380 1695 ψηφισμάτων,
1409 1641 1438 1683 ὦ
1464 1642 1530 1682 ἄν-

205 1715 291 1763 δρες
328 1712 523 1751 δικασταί.
596 1711 743 1750 τούτων
779 1710 810 1750 δ’
848 1709 1033 1750 ἁπάντων
1074 1709 1226 1759 στήλας
1266 1708 1532 1761 ἀντιγράφους

205 1777 396 1828 ἐστήσαθ’
432 1779 541 1828 ὑμεῖς
578 1778 765 1822 κάκεῖνος,
801 1777 871 1826 τὴν
903 1779 976 1827 μὲν
1007 1778 1048 1816 ἐν
1081 1777 1286 1830 Βοσπόρῳ,
1323 1776 1392 1825 τὴν
1427 1776 1460 1816 δ’
1492 1778 1533 1816 ἐν

207 1848 397 1896 Πειραιεῖ,
424 1845 494 1894 τὴν
515 1844 547 1883 δ’
574 1845 639 1896 ἐφ’
664 1843 785 1898 Ἱερῷ.
857 1846 1043 1884 σκοπεῖτε
1074 1843 1120 1893 δὴ
1152 1843 1247 1894 πρὸς
1274 1845 1372 1892 ὅσης
1399 1844 1533 1884 κακίας

205 1911 434 1962 ὑπερβολὴν
452 1913 549 1962 ὑμᾶς
574 1913 594 1950 ὁ
620 1911 738 1961 νόμος
763 1910 940 1962 προάγει,
963 1910 1004 1951 ὃς
1031 1911 1293 1961 ἀπιστότερον
1317 1910 1386 1949 τὸν
1412 1912 1534 1959 δῆμον
1581 1927 1595 1957 ζ

207 1978 416 2028 καθίστησ’
449 1979 535 2019 ἑνὸς
566 1979 716 2029 ἀνδρός.
785 1977 838 2028 μὴ
872 1979 947 2030 γὰρ
979 1976 1106 2017 οἴεσθ’
1140 1978 1230 2027 ὑμῖν
1263 1977 1364 2016 ἄλλο
1399 1993 1435 2016 τι
1466 1978 1535 2017 τὰς

208 2045 359 2095 στήλας
380 2045 544 2085 ἑστάναι
563 2045 704 2086 ταύτας
726 2042 746 2094 ἦ
766 2044 915 2084 τούτων
932 2043 1090 2083 πάντων
1109 2045 1163 2084 ὧν
1183 2043 1286 2096 ἔχετ’
1306 2040 1326 2092 ἢ
1344 2043 1536 2082 δεδώκατε

209 2111 417 2162 συνθήκας,
453 2113 513 2153 αῖς
545 2113 564 2150 ὁ
593 2114 664 2162 μὲν
696 2113 855 2152 Λεύκων
889 2110 1068 2162 ἐμμένων
1099 2114 1283 2162 φανεῖται
1313 2111 1376 2149 καὶ
1411 2113 1537 2149 ποιεῖν

255 2231 274 2252 2
298 2221 376 2261 ἀνὴρ
395 2221 549 2251 Bekker:
577 2234 654 2261 ανηρ
674 2223 716 2251 b':
743 2222 821 2260 ἀνὴρ
841 2220 864 2249 L
882 2220 984 2259 vulg,
1005 2219 1044 2249 cf.
1067 2222 1102 2256 ἐξ
1123 2229 1173 2256 42.
1194 2220 1235 2256 46
1338 2228 1359 2256 4
1381 2216 1538 2249 τοσούτου

213 2265 256 2296 H.
277 2264 377 2294 Wolf
518 2275 538 2302 9
563 2264 797 2304 ψηφισαμένοις
818 2264 954 2302 Madvig
1106 2272 1141 2298 14
1167 2263 1280 2293 ἑαυτοῦ
1298 2261 1385 2300 vulg.
1403 2271 1409 2289 :
1437 2274 1536 2292 εαυτω

212 2309 236 2338 S
254 2320 259 2338 :
286 2310 385 2347 ἑαυτῷ
406 2308 471 2337 LY
484 2308 513 2337 O
643 2309 680 2338 ἂν
699 2312 774 2346 post
791 2305 836 2338 οἷς
853 2307 928 2337 add.
949 2306 972 2336 S
987 2306 1011 2335 L
1030 2305 1140 2344 vulg:
1166 2315 1230 2335 om.
1248 2305 1278 2334 A
1397 2304 1537 2344 βλάψειν

213 2354 288 2390 ὑμᾶς
311 2354 327 2382 ὁ
350 2351 442 2387 νόμος
462 2351 513 2381 A:
543 2353 559 2382 ὁ
585 2350 678 2389 νόμος
703 2350 843 2389 βλάψειν
869 2352 945 2389 ὑμᾶς
971 2349 994 2379 S
1010 2350 1034 2379 L
1052 2349 1159 2387 vulg:
1192 2348 1332 2387 βλάψειν
1356 2349 1394 2379 ἂν
1419 2349 1495 2386 ὑμᾶς
1521 2350 1536 2378 ὁ

214 2395 306 2433 νόμος
326 2394 432 2424 Bekk.
451 2395 582 2424 Anccd.
602 2405 631 2434 p.
658 2403 715 2431 127
826 2403 861 2431 17
887 2395 927 2424 τὰ
944 2393 1137 2434 ψηφίσματα
1154 2393 1233 2424 αὐτὰ
1251 2391 1275 2421 F
1387 2400 1428 2429 23
1453 2392 1538 2429 ὑμεῖς

212 2452 247 2469 τε
267 2438 291 2467 L
305 2437 328 2467 F

1558 533 1573 562 5

1560 861 1596 883 10
