1737 2734
95 854 131 877 10

90 1188 126 1218 15

87 1522 125 1543 20

160 129 264 184 xxn]
506 132 634 172 KAT’
678 135 1139 172 ΑΝΔΡΟΤΙΩΝΟΣ

156 242 277 290 ὑμεῖς,
314 239 402 292 οὐχὶ
438 242 507 282 τὰς
547 240 646 281 ἰδίας
685 241 895 291 συμφορὰς
932 240 1135 289 ὀνειδίζειν
1173 240 1237 279 καὶ
1273 239 1490 292 προφέρειν

156 306 323 360 ἑκάστῳ.
386 307 463 346 εἴτε
488 308 563 358 γὰρ
589 306 691 356 ἦσαν
717 307 891 356 ἀληθεῖς,
920 306 964 345 οὐ
990 307 1055 346 σοὶ
1080 306 1216 359 ῥητέαι
1240 304 1390 355 (πολλὰ
1415 308 1490 359 γὰρ

153 373 262 423 ἡμῶν
299 373 466 413 ἕκαστος
503 373 574 425 οὐχ
610 373 660 414 ὡς
694 373 888 424 βούλεται
924 372 1114 424 πράττει)·
1159 374 1236 413 εἴτε
1273 372 1325 424 μὴ
1363 390 1487 425 προσ·

154 439 326 489 ηκούσας
358 440 652 489 κατεσκεύαζες,
681 444 762 481 πῶς
792 440 867 492 οὐχ
902 440 1032 479 ὁτιοῦν
1062 439 1110 479 ἂν
1140 439 1281 481 πάθοις
1311 441 1487 486 δικαίως,·

154 506 214 547 ἔτι
236 507 367 546 τοίνυν
389 508 431 546 ἐκ
455 506 558 547 τοῦδ’
584 506 872 558 ἀκριβέστερον
899 506 1101 558 γνώσεσθ’
1130 508 1190 546 ὅτι
1215 510 1329 557 μισεῖ
1351 510 1489 547 τοῦτον

153 574 320 615 ἕκαστος
354 574 399 612 οὐ
433 575 495 612 διὰ
527 573 596 622 τὴν
631 572 852 625 εἴσπραξιν,
886 572 978 612 ἀλλ’
1008 575 1106 624 ὑπὲρ
1137 574 1190 613 ὧν
1220 573 1394 624 ὑβρίσθη
1426 574 1488 613 καὶ

152 638 395 694 ἐπαρῳνήθη.
468 639 639 691 Σάτυρος
668 641 742 692 γὰρ
774 640 793 678 ὁ
826 643 903 679 τῶν
935 640 1107 691 νεωρίων
1142 639 1382 690 ἐπιμελητὴς
1415 640 1486 693 οὐχ

152 708 251 747 ἑπτὰ
279 706 439 746 τάλαντ’
466 705 700 757 εἰσέπραξεν
726 708 828 756 ὑμῖν,
858 707 965 746 ἀλλὰ
991 705 1161 757 τέτταρα
1192 707 1254 747 καὶ
1279 706 1488 758 τριάκοντα

151 774 241 815 τοὺς
270 773 408 814 αὐτοὺς
437 774 596 814 τούτους
627 773 867 824 ἀνθρώπους,
896 772 944 823 ἐξ
972 773 1026 812 ὧν
1057 772 1253 824 παρέθηκε
1283 775 1331 813 τὰ
1366 775 1486 824 σκεύη

151 843 234 881 ταῖς
258 839 551 881 ἐκπλευσάσαις
578 840 731 879 ναυσίν·
772 840 834 879 καὶ
861 839 941 879 οὔτ’
968 841 1117 881 ἐκεῖνος
1142 841 1205 879 διὰ
1230 839 1338 880 ταῦτ’
1361 840 1487 881 οὐδέν’

152 906 295 959 ἐχθρὸν
324 907 426 961 αὐτῷ
457 907 584 958 φησὶν
619 906 731 951 εἶναι,
764 907 854 946 οὔτε
888 910 966 946 τῶν
1002 906 1328 959 εἰσπραχθέντων
1359 907 1486 949 οὐδεὶς

150 975 285 1027 ἐκείνῳ
311 977 487 1023 πολεμεῖ.
554 974 574 1012 ὁ
598 975 671 1023 μὲν
697 975 771 1024 γὰρ
797 973 842 1012 τὸ
867 972 1229 1025 προστεταγμένον,
1259 974 1379 1023 οἶμαι,
1406 977 1482 1014 διε-

150 1039 355 1091 πράττετο,
384 1040 433 1079 σὺ
459 1042 497 1080 δὲ
524 1045 571 1096 τῇ
598 1043 743 1079 σαυτοῦ
769 1040 983 1093 προπετείᾳ
1008 1040 1072 1079 καὶ
1098 1040 1314 1090 θρασύτητι
1343 1042 1485 1091 λαβὼν

150 1106 335 1157 ἐξουσίαν
354 1106 474 1147 πόλλ’
495 1107 748 1156 ἀνηλωκότας
769 1108 824 1148 εἰς
841 1106 914 1155 τὴν
933 1107 1054 1147 πόλιν
1079 1107 1307 1158 ἀνθρώπους
1328 1107 1390 1147 καὶ
1410 1111 1484 1148 σοῦ

147 1174 333 1223 βελτίους
360 1173 422 1213 καὶ
449 1175 490 1213 ἐκ
520 1174 744 1224 βελτιόνων
770 1173 938 1225 ψευδέσι
971 1173 1033 1212 καὶ
1062 1177 1257 1225 χαλεποῖς
1285 1174 1482 1214 ὀνείδεσιν

148 1239 225 1294 ᾤου
244 1242 325 1280 δεῖν
342 1240 618 1292 περιβάλλειν.
674 1240 758 1280 εἶτα
776 1240 885 1280 ταῦθ’
903 1240 1010 1280 οὗτοι
1029 1240 1224 1280 πεισθῶσ’
1242 1242 1338 1292 ὑπὲρ
1354 1243 1481 1281 αὐτῶν

148 1324 196 1347 σε
216 1310 356 1353 ποιεῖν,
379 1307 440 1347 καὶ
460 1309 508 1347 τὰ
534 1309 602 1356 τῆς
630 1309 703 1356 σῆς
725 1307 991 1356 ἀναισθησίας
1018 1307 1080 1346 καὶ
1100 1307 1289 1359 πονηρίας
1315 1307 1395 1359 ἔργ’
1415 1308 1480 1359 ἐφ’

147 1373 287 1416 αὑτοὺς
316 1373 600 1424 ἀναδέξωνται;
640 1374 746 1413 ἀλλὰ
776 1378 910 1424 μισεῖν
936 1374 1176 1425 δικαιότερον
1203 1375 1265 1413 διὰ
1289 1374 1410 1413 ταῦτά
1441 1375 1479 1413 σ’

146 1441 383 1493 ὀφείλουσιν
402 1437 424 1490 ἢ
446 1438 594 1495 σῴζειν.
648 1440 717 1480 τὸν
738 1442 812 1492 γὰρ
831 1442 928 1493 ὑπὲρ
949 1441 1103 1482 πόλεως
1122 1439 1345 1492 πράττοντά
1364 1458 1400 1481 τι
1421 1444 1482 1482 δεῖ

145 1506 192 1547 τὸ
214 1509 284 1557 τῆς
308 1508 463 1549 πόλεως
493 1506 585 1556 ἦθος
613 1509 833 1558 μιμεῖσθαι,
863 1507 925 1547 καὶ
956 1505 1094 1562 σῴζειν
1119 1508 1210 1558 ὑμῖν
1234 1507 1325 1549 τοὺς
1349 1509 1474 1548 τοιού-

144 1590 246 1620 τους,
268 1571 297 1613 ὦ
317 1575 456 1627 ἄνδρες
475 1573 690 1623 Ἀθηναῖοι,
714 1572 919 1625 προσήκει,
943 1574 1005 1613 καὶ
1023 1578 1159 1625 μισεῖν
1179 1573 1268 1616 τοὺς
1288 1575 1477 1626 οἵουσπερ

145 1641 268 1682 οὗτος,
341 1641 391 1682 ὡς
425 1640 539 1680 ἐκεῖν’
570 1641 718 1680 εἰδόσιν
747 1642 820 1691 μὲν
850 1642 959 1686 ἴσως,
989 1641 1095 1691 ὅμως
1128 1640 1160 1681 δ’
1191 1642 1280 1691 ε’ρῶ·
1317 1642 1476 1683 ὁποίους

143 1709 254 1750 τινὰς
281 1707 329 1749 ἂν
360 1707 549 1760 φαίνησθ’
575 1708 805 1759 ἀγαπῶντες
836 1707 899 1748 καὶ
929 1705 1132 1762 σῴζοντες,
1165 1708 1316 1749 τούτοις
1348 1709 1475 1759 ὅμοιοι

143 1772 269 1823 δόξετ’
296 1774 405 1815 εἶναι.

203 1840 298 1882 ‘'On
327 1842 457 1882 τοίνυν
490 1842 593 1883 ὅλως
623 1840 712 1881 οὐδὲ
742 1840 814 1891 τὴν
848 1838 1057 1893 εἴσπραξιν
1089 1840 1210 1890 αὐτὴν
1242 1842 1339 1893 ὑπὲρ
1367 1843 1474 1892 ὑμῶν

143 1908 364 1958 πεποίηται,
391 1909 454 1948 καὶ
479 1907 581 1948 τοῦτ’
607 1907 744 1948 αὐτίκα
769 1908 814 1958 δὴ
839 1907 933 1958 μάλ’
959 1909 1049 1959 ὑμῖν
1074 1910 1196 1957 δῆλον
1220 1907 1388 1958 ποιήσω.
1439 1910 1473 1949 εἰ

185 2018 206 2047 8
228 2017 326 2057 μόνον
343 2023 419 2057 post
436 2018 584 2049 τάλαντα
600 2018 675 2048 add.
695 2017 725 2046 A
851 2028 872 2056 9
896 2017 944 2058 ἐξ]
964 2018 1017 2057 ἀφ’
1034 2017 1064 2047 Α
1197 2027 1236 2048 10
1262 2017 1472 2049 ἐκπλεούσαις

142 2062 171 2091 Α
185 2061 221 2091 F¹
373 2072 411 2091 12
436 2066 512 2100 post
529 2063 668 2098 πολεμεῖ
681 2061 756 2091 add.
777 2061 907 2093 εἰκότως
925 2062 1013 2100 vulg.
1034 2072 1041 2090 :
1066 2071 1130 2091 om.
1153 2061 1175 2091 S
1189 2060 1214 2090 L
1227 2060 1256 2090 Y
1270 2061 1314 2097 O,
1331 2060 1371 2090 cs.
1392 2061 1471 2090 xviii

141 2115 193 2143 23,
207 2114 246 2143 47
341 2115 377 2143 15
402 2104 532 2142 ψευδέσι
546 2105 633 2143 vulg.
652 2115 658 2134 ε
683 2104 833 2145 ψευδέσιν
847 2104 894 2135 S:
918 2105 1049 2145 ψεύδεσι
1063 2104 1093 2133 Α
1188 2114 1223 2142 17
1248 2104 1469 2142 ἇναισθησίαςῙ

142 2149 370 2188 ἀναισχυντίας
396 2148 455 2178 FS
480 2161 530 2189 γρ.
560 2148 585 2177 L
611 2158 709 2186 corn,
737 2148 777 2178 cs.
809 2152 822 2185 ᾗ
850 2159 890 2188 74
993 2147 1060 2188 ἐφ’]
1087 2148 1131 2179 εἷς
1157 2147 1220 2177 Ι)ὶο
1245 2147 1340 2177 Cass.
1369 2147 1471 2177 282E

143 2191 286 2231 (Blass),
311 2193 371 2222 sed
397 2191 432 2221 cs
465 2192 545 2221 xxiv
572 2202 609 2229 14
790 2201 828 2230 19
861 2193 919 2229 τῆς
946 2196 1027 2222 ante
1054 2191 1178 2223 πόλεως
1202 2191 1278 2222 add.
1306 2190 1386 2230 AF,
1412 2192 1470 2221 sed

142 2235 184 2265 cs.
203 2245 223 2265 v
247 2245 267 2273 3
421 2246 463 2265 20
485 2240 565 2265 ante
583 2232 697 2275 σῴζειν
714 2235 791 2265 add.
811 2237 861 2266 δεῖ
875 2235 898 2265 S
912 2235 948 2264 L¹
965 2234 1036 2264 ΥΟ
1052 2247 1057 2264 z
1083 2235 1122 2272 δὴ
1142 2234 1246 2265 Paris.
1268 2245 1355 2273 2940
1373 2246 1379 2264 :
1404 2245 1471 2265 om.

141 2278 229 2318 vulg.
439 2289 477 2308 21
517 2279 665 2318 οἵουσπερ
691 2277 819 2308 SFY:
859 2278 990 2319 οἷόσπερ
1014 2283 1104 2314 cett„
1134 2278 1174 2307 cs.
1205 2281 1220 2314 ξ
1248 2288 1298 2316 77⁷
1326 2278 1383 2307 xix
1408 2288 1469 2317 254

143 2325 180 2359 ξς
206 2321 330 2363 65-78]
359 2322 476 2352 eadem
507 2321 577 2351 fere
601 2321 682 2350 xxiv
710 2323 858 2359 172—186
1033 2332 1074 2359 25
1106 2322 1188 2353 ὅλως
1212 2331 1276 2351 om.
1304 2321 1385 2351 xxiv
1412 2331 1470 2360 172

140 2367 194 2440 ἓξ]
217 2367 317 2439 δδῆῗριν
343 2366 419 2396 add.
452 2370 528 2404 post
557 2366 628 2403 ὑμῖν
655 2363 685 2394 Α
709 2364 752 2394 al.
780 2370 812 2395 et
840 2365 919 2395 xxiv
948 2375 1028 2404 172:
1063 2370 1142 2395 ante
1171 2367 1243 2404 ὑμῖν
1273 2364 1335 2394 FL
1363 2375 1470 2395 corn:

1522 136 1629 192 [σω]

1514 1175 1622 1230 [613]

1512 1244 1556 1285 64
