1737 2734
103 878 142 899 10

105 1212 141 1244 ¹5

107 1547 142 1569 20

165 151 251 206 xxx]
586 156 746 194 ΚΑΤΑ
796 156 1068 194 ΜΕΙΔΙΟΤ

1468 258 1487 274 ⁶?

162 259 518 312 παρεσκευασμένα
544 259 672 300 πάντα
696 258 803 311 λέγω
830 263 913 300 νῦν.
970 260 1048 311 ἐγὼ
1072 259 1105 299 δ’
1132 259 1327 312 ἐσκέφθαι
1350 259 1436 310 μέν,
1464 279 1494 300 ω

162 327 299 378 ἄνδρες
316 326 639 378 Ἀθηναῖοι,φημὶ
656 327 718 366 καὶ
734 326 801 366 οὐκ
820 326 1170 378 ἂνάρνηθείην,καὶ
1185 326 1494 377 μεμελετηκέναι

161 393 198 446 γ’
224 393 275 435 ὡς
301 394 392 443 ἐνῆν
416 393 581 444 μάλιστ’
608 394 706 443 ἐμοί·
760 394 822 433 καὶ
850 395 926 445 γὰρ
951 393 1000 433 ἂν
1026 393 1162 435 ἄθλιος
1186 391 1246 442 ἥν,
1274 394 1308 434 εἷ
1332 397 1493 433 τοιαῦτα

162 461 298 501 παθὼν
323 460 385 499 καὶ
411 459 582 513 πάσχων
612 459 784 510 ἠμέλουν
811 461 866 500 ὧν
897 459 986 511 περὶ
1019 460 1166 500 τούτων
1193 461 1296 512 ἐρεῖν
1320 461 1492 511 ἔμελλον

162 527 258 579 πρὸς
276 528 387 577 ὑμᾶς·
425 526 671 579 γεγραφέναι
689 526 825 577 μέντοι
846 544 912 577 μοι
931 526 1000 566 τὸν
1018 527 1142 578 λόγον
1164 528 1346 568 Μειδίαν·
1378 528 1399 566 ὁ
1418 528 1494 579 γὰρ

161 596 209 634 τὰ
233 593 331 646 ἔργα
363 594 626 646 παρεσχηκὼς
655 594 742 645 περὶ
772 594 827 633 ὧν
857 595 961 633 εἰσιν
991 595 1028 633 οἱ
1059 594 1175 645 λόγοι
1209 593 1420 634 δικαιότατ’
1445 594 1493 634 ἂν

161 661 307 710 ταύτην
332 660 419 713 ἔχοι
442 660 513 710 τὴν
533 662 674 706 αἰτίαν,
702 659 776 712 οὐχ
797 661 817 698 ὁ
842 659 1083 710 ἐσκεμμένος
1104 660 1182 700 οὐδ’
1204 661 1223 699 ὁ
1247 660 1492 712 μεριμνήσας

162 729 209 768 τὰ
234 729 363 768 δίκαια
387 727 523 779 λέγειν
547 731 628 767 νῦν.
701 727 779 778 ἐγὼ
806 729 877 777 μὲν
905 727 973 766 οὖν
998 730 1111 767 τοῦτο
1138 731 1273 773 ποιῶν,
1301 725 1329 767 ὦ
1355 727 1492 780 ἄνδρες

162 794 377 844 Ἀθηναῖοι,
405 795 468 834 καὶ
494 793 608 836 αὐτὸς
633 794 831 845 ὁμολογῶ·
873 795 1042 834 Μειδίαν
1067 794 1203 844 μέντοι
1230 796 1352 844 μηδὲν
1377 795 1490 835 ἐσκέ-

162 864 264 913 φθαι
295 861 445 901 πώποτ’
470 863 512 901 ἐν
541 861 657 901 παντὶ
686 864 738 914 τῷ
767 862 845 915 βίῳ
879 861 1030 900 δίκαιον
1056 861 1158 902 εἰκός
1189 863 1313 901 ἐστιν·
1352 863 1385 902 εἰ
1417 863 1493 914 γὰρ

162 929 225 968 καὶ
259 930 357 968 κατὰ
395 931 534 979 μικρὸν
573 926 684 984 ἐπῄει
721 929 770 967 τὰ
809 927 954 967 τοιαῦτ’
986 927 1087 982 αὐτῷ
1129 931 1308 973 σκοπεῖν,
1339 929 1408 968 οὐκ
1443 928 1492 969 ἂν

160 999 352 1035 τοσοῦτον
377 994 613 1046 διημάρτανε
639 998 707 1034 τοῦ
731 994 970 1046 πράγματος.

229 1062 352 1112 Οἶμαι
377 1063 508 1102 τοίνυν
534 1061 652 1101 αὐτὸν
676 1062 765 1102 οὐδὲ
793 1065 862 1101 τοῦ
888 1060 1010 1112 δήμου
1049 1065 1281 1114 κατηγορεῖν
1305 1061 1491 1112 ὀκνήσειν

161 1128 250 1169 οὐδὲ
277 1131 345 1178 τῆς
371 1130 599 1179 ἐκκλησίας,
626 1128 717 1168 ἀλλ’
744 1127 843 1180 ἅπερ
869 1128 948 1168 τότ’
977 1129 1127 1180 ἐτόλμα
1152 1129 1288 1181 λέγειν
1314 1129 1370 1169 ὅτ’
1396 1129 1444 1179 ἦν
1467 1130 1490 1179 ἡ

161 1195 360 1247 προβολή,
388 1200 510 1236 ταῦτα
540 1197 602 1236 καὶ
631 1199 699 1236 νῦν
731 1197 846 1247 ἐρεῖν,
875 1196 926 1237 ὡς
956 1197 1046 1235 ὅσοι
1080 1195 1171 1236 δέον
1201 1195 1349 1247 ἐξιέναι
1379 1195 1489 1236 κατέ-

158 1279 281 1314 μενον
313 1263 375 1303 καὶ
400 1264 492 1303 ὅσοι
516 1265 563 1302 τὰ
591 1261 745 1315 φρούρι’
769 1261 871 1312 ἦσαν
900 1263 1024 1315 ἔρημα
1052 1264 1300 1308 λελοιπότες,
1328 1262 1489 1314 ἐξεκλη-

162 1331 324 1376 σίασαν,
353 1329 414 1370 καὶ
444 1330 626 1382 χορευταὶ
661 1330 722 1369 καὶ
752 1328 859 1380 ξένοι
892 1329 953 1368 καὶ
987 1330 1157 1369 τοιοῦτοί
1184 1346 1287 1371 τινες
1318 1329 1422 1380 ἦσαν
1455 1330 1491 1370 οἳ

160 1398 547 1450 κατεχειροτόνησαν
573 1396 700 1436 αὐτοῦ,
776 1397 831 1437 εἰς
856 1398 930 1448 γὰρ
954 1400 1068 1436 τοῦτο
1094 1395 1266 1447 θράσους
1293 1398 1354 1437 καὶ
1379 1398 1489 1437 ἀναι-

161 1465 266 1506 δείας
282 1463 362 1503 τότ’
379 1462 548 1516 ἀφίκετ’,
568 1461 597 1503 ὦ
613 1463 751 1515 ἄνδρες
769 1464 966 1512 δικασταί,
979 1463 1028 1505 ὡς
1046 1464 1182 1503 ἴσασιν
1199 1464 1288 1503 ὅσοι
1305 1466 1491 1516 παρῆσαν

160 1533 281 1582 ὑμῶν,
309 1531 415 1571 ὥστε
446 1534 572 1572 κακῶς
603 1530 735 1582 λέγων
764 1530 826 1569 καὶ
856 1531 1032 1570 ἀπειλῶν
1063 1530 1125 1571 καὶ
1155 1530 1322 1580 βλέπων
1343 1532 1398 1572 εἷς
1423 1534 1490 1570 τόν

161 1598 222 1639 ἀεὶ
248 1601 495 1650 θορυβοῦντα
519 1598 642 1638 τόπον
666 1599 735 1647 τῆς
764 1598 977 1646 ἐκκλησίας
1007 1596 1274 1647 καταπλήξειν
1298 1597 1396 1652 ᾤετο
1421 1597 1491 1637 τὸν

161 1668 286 1716 δῆμον
323 1664 489 1705 ἅπαντα.
561 1662 588 1720 ᾗ
622 1664 684 1704 καὶ
722 1663 847 1715 γελοῖ’
883 1663 981 1703 εἶναι
1018 1665 1065 1703 τὰ
1102 1667 1182 1709 νῦν,
1210 1664 1330 1715 οἶμαι,
1357 1663 1490 1717 δάκρυ’

161 1733 320 1773 εἰκότως
346 1731 394 1772 ἂν
420 1731 538 1771 αὐτοῦ
564 1732 709 1781 δοκοίη.
780 1731 820 1770 τί
850 1730 995 1782 λέγεις,
1018 1727 1048 1769 ὦ
1077 1733 1197 1782 μιαρὰ
1224 1730 1401 1783 κεφαλή;
1440 1731 1490 1771 σὺ

160 1801 210 1839 τὰ
230 1802 378 1839 σαυτοῦ
402 1798 525 1839 παιδί’
546 1796 730 1847 ἀξιώσεις
751 1799 877 1838 ἐλεεῖν
902 1793 925 1846 ἢ
951 1799 998 1837 σὲ
1028 1799 1183 1843 τούσδε,
1205 1794 1228 1847 ἦ
1255 1797 1491 1848 σπουδάζειν

161 1867 216 1907 εἷς
240 1867 288 1906 τὰ
314 1865 380 1912 σά,
407 1865 498 1906 τοὺς
522 1864 597 1905 ὑπὸ
624 1867 696 1904 σοῦ
721 1865 893 1918 δημοσίᾳ
930 1864 1400 1915 προπεπηλακισμένους;
1439 1865 1491 1905 σὺ

159 1933 279 1982 μόνος
315 1936 392 1972 τῶν
429 1934 553 1972 ὄντων
590 1932 807 1982 ἀνθρώπων
845 1931 908 1972 ἐπὶ
947 1933 1020 1982 μὲν
1057 1935 1125 1971 τοῦ
1166 1932 1259 1982 ,Βίου
1294 1932 1490 1981 τοσαύτης

159 2000 430 2052 ὑπερηφανίας
460 1998 613 2050 πλήρης
639 1997 692 2038 ὢν
725 1996 898 2049 [πάντων
928 1996 1160 2050 ἀνθρώπων]
1194 1999 1278 2038 ἔσει
1308 1999 1487 2050 φανερώ·

159 2082 288 2112 τατος,
310 2067 414 2105 ὥστε
441 2066 503 2105 καὶ
528 2065 624 2116 πρὸς
644 2065 710 2107 οὓς
735 2065 857 2115 μηδέν
881 2066 971 2105 ἐστί
994 2082 1060 2105 σοι
1079 2068 1253 2117 πρᾶγμα,
1274 2067 1489 2106 λυπεῖσθαι

203 2189 222 2208 2
247 2180 286 2210 ἂν
303 2178 470 2219 ἀρνηθείην
483 2177 571 2216 vulg.
588 2176 611 2207 S
623 2190 674 2218 γρ.
691 2188 697 2207 :
723 2176 934 2218 ἆπαρνηθείην
951 2176 975 2207 S
988 2176 1017 2206 Y
1031 2176 1060 2206 O
1074 2176 1100 2206 P
1188 2177 1209 2206 8
1235 2179 1290 2209 νῦν
1307 2175 1486 2206 secl.Weil

159 2226 258 2254 ποιῶν
277 2222 352 2253 Par.
371 2232 452 2261 2994
469 2232 476 2250 t
501 2225 578 2252 ποιῶ
597 2220 620 2250 S
638 2220 728 2259 vulg.
747 2231 754 2250 z
778 2230 843 2252 om.
864 2219 908 2250 Y¹
1018 2230 1057 2250 10
1080 2219 1219 2260 πώποτ’]
1239 2234 1319 2252 ποτε
1338 2220 1404 2250 SY
1418 2219 1448 2250 O
1461 2219 1488 2250 P

163 2275 200 2304 15
225 2268 308 2307 ἐρεῖν
323 2265 374 2297 Α;
402 2267 469 2307 ἐρεῖ
483 2265 506 2295 S
524 2265 612 2302 vulg.
737 2265 775 2293 16
800 2264 1037 2304 ἐξεκλησίασαν
1054 2263 1077 2294 S
1096 2274 1179 2293 corr.
1196 2276 1201 2295 :
1229 2264 1487 2304 ἐξεκκλησίασαν

160 2308 195 2338 S·
221 2309 308 2348 vulg.
329 2320 336 2339 ε
368 2307 583 2347 ἐκκλησίαζον
605 2307 675 2337 AF
699 2318 780 2338 corr.
810 2307 867 2345 (cf.
894 2307 1042 2339 schoU:
1074 2308 1302 2344 ἠκκλησίασαν
1328 2307 1483 2344 Dindors‚

158 2353 199 2382 cf.
220 2353 301 2382 xviii
328 2355 403 2391 265,
428 2353 485 2381 xix
511 2353 554 2381 60
686 2361 725 2389 27
758 2351 972 2391 ὑπερηφανίας
998 2351 1022 2381 S
1047 2351 1162 2381 solus:
1195 2351 1409 2392 ὑπερηφανίας
1435 2352 1485 2382 καὶ

161 2396 337 2433 (τοσαύτης
375 2396 451 2426 add.
486 2394 613 2426 YOP)
648 2395 816 2433 ὑπεροψίας
847 2394 941 2431 vulg.
1088 2393 1228 2435 πλήρης]
1265 2395 1386 2434 μεστὸς
1417 2393 1486 2424 AF

157 2440 285 2471 πάντων
310 2440 478 2478 ἀνθρώπων
501 2443 580 2469 ante
606 2438 673 2470 ἔσει
698 2438 722 2468 S
746 2438 810 2468 aL:
841 2442 917 2476 post
940 2438 1155 2479 ὑπερηφανίας
1177 2439 1228 2469 καὶ
1252 2439 1420 2480 ὑπεροψίας
1439 2437 1484 2467 F.-

157 2484 239 2513 secl.
258 2483 356 2512 Blaaes

1527 155 1639 210 [576]

1528 543 1591 578 192

1523 1050 1630 1104 [577]

1526 1116 1588 1150 193

1524 1412 1589 1447 194

1524 1746 1586 1781 195
