1737 2734
88 848 123 868 10

83 1515 122 1538 20

147 125 262 181 xxm]
404 127 535 169 KAT’
584 129 1136 170 ΑΡΙΣΤΟΓΕΙΤΟΝΟΣ
1186 131 1216 169 Β

144 238 290 288 χεσθαι
315 235 378 275 καὶ
404 236 508 286 παρὰ
532 234 601 274 τὸν
626 234 774 286 χρόνον
804 234 851 274 τὸ
875 235 1026 275 δίκαιον
1055 238 1215 286 λαβεῖν,
1242 237 1325 276 τοῖς
1354 233 1388 274 δ’
1413 234 1482 274 οὐκ

144 303 177 341 ἐι
190 306 290 342 εῖναι
314 305 547 354 περιμεῖναι·
585 300 629 340 τὸ
658 302 736 353 γὰρ
764 302 1094 353 τιμωρησόμενον
1120 302 1195 354 οὐχ
1218 300 1390 342 ὑπέσται
1413 302 1483 351 τῆς

143 370 347 410 πολιτείας
381 368 682 417 καταλυθείσης.
762 368 825 407 καὶ
858 368 1013 411 τούτοις
1046 371 1129 410 τοῖς
1161 368 1324 409 δικαίοις
1355 367 1482 408 οὐδεὶς

145 437 268 476 οὕτως
306 434 385 475 οὔτ’
425 433 586 484 ἀναιδὴς
624 433 705 474 οὔθ’
747 435 844 487 ὑπὲρ
882 435 980 484 ὑμᾶς
1020 438 1181 487 φρονῶν
1218 435 1331 475 ἐστὶν
1370 435 1482 476 ὅστις

144 500 369 552 ἀντιλέγειν
406 499 666 553 ἐπιχειρήσει,
706 500 812 550 πλὴν
849 500 1191 553 Ἀριστογείτονος
1228 502 1381 541 τουτουὶ
1418 501 1481 541 καὶ

143 570 212 617 τῆς
237 568 377 607 τούτου
402 569 602 618 πονηρίας.
667 568 775 607 ἀλλὰ
803 567 936 609 πάσας
962 568 1024 608 καὶ
1050 569 1121 610 τὰς
1152 568 1278 621 ἀρχὰς
1303 568 1366 608 καὶ
1390 567 1480 610 τοὺς

144 633 472 684 πολιτευομένους
494 633 726 685 εὑρήσομεν,
755 635 916 674 ἐπειδὰν
936 633 1045 684 ἅπαξ
1060 651 1098 674 τι
1119 634 1336 687 καταγνῶθ’
1355 636 1478 686 ὑμεῖς,

143 700 296 742 τούτοις
317 699 567 750 ἐμμένοντας.
633 704 748 740 τοῦτο
775 703 848 751 μὲν
867 702 943 753 γὰρ
964 702 1058 741 ὅταν
1085 701 1479 754 ἀποχειροτονηθῶσι

143 783 245 807 τινες
277 770 356 807 τῶν
386 768 428 806 ἐν
459 771 544 808 ταῖς
579 767 733 819 ἀρχαῖς,
764 770 1004 820 παραχρῆμα
1037 767 1257 808 πέπαυνται
1289 767 1480 820 ἄρχοντες

144 833 207 872 καὶ
226 833 316 876 τοὺς
344 832 569 886 στεφάνους
589 832 856 889 περιῄρηνται·
897 837 1012 874 τοῦτο
1041 834 1073 875 δ’
1093 836 1205 876 ὅσοις
1229 838 1307 875 τῶν
1333 837 1478 886 θεσμο-

143 903 266 940 θετῶν
311 901 363 942 εἷς
405 899 565 952 ’Ἄρειον
612 900 741 952 πάγον
789 900 864 954 οὐχ
913 901 996 941 οἶόν
1044 901 1077 941 τ’
1121 900 1233 941 ἐστὶν
1279 902 1476 947 ἀνελθεῖν,

143 966 334 1018 παρέντες
361 966 407 1006 τὸ
432 966 647 1018 βιάζεσθαι
673 966 913 1019 στέργουσιν
938 971 1023 1009 ταῖς
1053 967 1257 1020 ὑμετέραις
1285 969 1477 1021 γνώσεσι.

144 1035 204 1074 καὶ
238 1033 340 1074 τοῦτ’
368 1035 540 1075 εἰκότως·
578 1035 715 1086 ὥσπερ
749 1033 836 1086 γάρ,
869 1035 966 1074 ὅταν
998 1034 1167 1088 ἄρχωσι,
1199 1035 1290 1076 τοὺς
1324 1035 1478 1077 ἰδιώτας

142 1102 294 1141 οἴονται
319 1103 401 1141 δεῖν
428 1102 560 1142 αὑτοῖς
579 1104 823 1153 πειθαρχεῖν,
847 1100 1049 1147 ὡσαύτως,
1070 1102 1166 1141 ὅταν
1191 1101 1302 1141 αὐτοὶ
1327 1103 1478 1142 ἰδιῶται

105 1167 337 1219 ζγένωνται
369 1167 504 1213 πάλιν,
542 1171 624 1209 τοῖς
656 1169 725 1217 τῆς
758 1168 914 1210 πόλεως
946 1168 1118 1220 ἄρχουσι
1153 1169 1286 1219 νόμοις
1318 1169 1476 1211 δικαίως

142 1233 190 1274 ἂν
209 1235 478 1275 ἀκολουθοῖεν.
548 1234 604 1274 ἔτι
625 1236 755 1274 τοίνυν
775 1236 811 1274 οἱ
834 1235 1134 1285 πολιτευόμενοι
1159 1234 1314 1281 πάντες,
1337 1237 1377 1275 ἐκ
1397 1239 1476 1276 τῶν

143 1306 324 1342 παλαιῶν
358 1303 391 1342 εἶ
423 1301 618 1352 βούλεσθ’
646 1300 861 1352 ἀρξάμενοι
893 1302 1051 1354 χρόνων
1085 1304 1259 1354 θεωρεῖν,
1285 1301 1475 1344 ὡσαύτως

143 1369 356 1419 φαίνονται
396 1369 567 1410 εἴκοντες
605 1372 687 1409 τοῖς
727 1367 929 1419 ὑμετέροις
972 1369 1147 1410 δικαίοις.
1223 1367 1474 1420 Ἀριστείδην

141 1434 214 1485 μέν
246 1434 295 1487 γέ
328 1441 457 1487 φασιν
490 1435 564 1475 ὑπὸ
597 1438 676 1475 τῶν
709 1435 918 1487 προγόνων
951 1434 1237 1485 μετασταθέντ’
1264 1436 1306 1475 ἐν
1332 1437 1474 1492 Αἰγίνῃ

141 1503 375 1553 διατρίβειν,
411 1503 483 1544 ἕως
518 1503 538 1541 ὁ
571 1504 692 1552 δῆμος
728 1501 845 1542 αὐτὸν
884 1500 1131 1551 κατεδέξατο,
1168 1501 1394 1553 Μιλτιάδην
1429 1505 1472 1543 δὲ

143 1569 204 1608 καὶ
231 1568 432 1620 Περικλέα
456 1569 672 1620 ὀφλόντας,
700 1572 768 1608 τόν
800 1571 874 1619 μὲν
902 1567 1123 1620 τριάκοντα,
1154 1568 1222 1609 τὸν
1255 1571 1298 1610 δὲ
1328 1568 1471 1619 πεντή-

142 1652 260 1675 κοντα
282 1635 472 1681 τάλαντα,
501 1636 753 1676 ἐκτείσαντας
778 1637 878 1675 οὕτω
903 1638 1153 1687 δημηγορεῖν.
1213 1634 1234 1676 ὃ
1256 1636 1319 1676 καὶ
1344 1637 1466 1676 δεινό-

140 1718 259 1742 τατον
283 1702 332 1742 ἂν
358 1704 416 1753 εἴη
443 1706 680 1753 συμβαῖνον,
708 1702 797 1743 τοὺς
820 1703 893 1752 μὲν
918 1703 1051 1742 πολλὰ
1079 1702 1141 1743 καὶ
1173 1702 1331 1755 μεγάλα
1355 1702 1467 1752 ποιή-

141 1786 290 1811 σαντας
321 1771 421 1820 ὑμᾶς
453 1770 581 1821 ἀγαθὰ
616 1768 668 1819 μῆ
701 1773 838 1821 τυχεῖν
873 1768 1016 1818 ταύτης
1048 1771 1117 1818 τῆς
1154 1772 1329 1821 δωρειᾶς,
1364 1770 1468 1809 ὥστε

138 1837 243 1887 παρὰ
279 1836 368 1878 τοὺς
404 1836 546 1886 νόμους
579 1852 617 1876 τι
649 1834 740 1877 τοὺς
774 1835 973 1885 κειμένους
1004 1836 1094 1886 ὑμῖν
1127 1834 1285 1887 πρᾶξαι,
1320 1836 1390 1876 τὸν
1426 1838 1466 1876 δὲ

183 1956 195 1975 1
230 1950 306 1985 post
330 1947 368 1978 τὸ
393 1946 480 1976 duae
506 1946 636 1976 litterae
660 1955 778 1976 erasae
803 1946 836 1975 in
862 1945 885 1975 S
1028 1955 1048 1975 2
1081 1947 1196 1977 ἐνεῖναι
1222 1944 1352 1977 SYO:
1386 1946 1465 1977 εἶναι

136 1989 226 2028 vulg.
343 1990 365 2018 6
387 1989 513 2029 τόλμης
529 1990 581 2021 καὶ
599 1993 676 2028 post
691 1989 809 2021 τούτου
826 1989 902 2020 add.
924 1988 990 2019 FY
1003 1988 1032 2019 O
1048 1999 1056 2018 z
1079 1999 1144 2019 om.
1162 1987 1228 2019 SA
1318 1990 1369 2021 καὶ
1386 1994 1465 2020 ante

136 2034 193 2066 τὰς
213 2043 277 2063 om.
298 2033 328 2063 Y
340 2033 386 2064 O:
409 2033 484 2064 add.
502 2032 525 2063 S
537 2033 567 2062 A
580 2032 605 2063 F
748 2033 768 2062 8
792 2032 932 2072 τούτοις]
951 2032 1085 2064 τούτους
1103 2030 1141 2062 Sl
1155 2031 1180 2063 F
1326 2043 1364 2063 12
1388 2038 1464 2072 post

137 2076 332 2150 ἓτέεζρζοὸσιν
355 2077 601 2150 εςά,.1;εἵκοντες
626 2076 673 2107 S:
705 2075 898 2151 ἐμμένοντεῐς
924 2076 979 2152 If}
1000 2075 1124 2150 οῐῐὶὲὶάιὶλ1
1155 2119 1202 2149 Ε·
1226 2129 1281 2150 om
1306 2079 1463 2150 153Ατῧῖπὸ)

138 2173 174 2201 14
200 2165 289 2196 αὐτοὶ
302 2134 496 2195 'sgccfiffwe‘il
654 2131 1105 2205 Ἔοέοιαῖῒοξὲῗιῐέιζαῖιῖςνται
1122 2142 1202 2194 ἐιᾱά..
1219 2163 1251 2194 Α
1265 2177 1271 2194 ;
1285 2143 1291 2150 1
1304 2164 1355 2195 καὶ
1372 2165 1461 2194 αὐτοὶ

136 2212 213 2246 post
244 2208 412 2249 φαίνονται
443 2208 518 2238 add.
555 2207 580 2237 F
809 2217 847 2246 19
876 2207 936 2247 μέν
966 2206 1009 2248 γε’
1039 2207 1062 2236 S
1075 2206 1107 2237 Α
1119 2206 1149 2236 Y
1161 2206 1192 2237 O
1208 2217 1214 2237 Ξ
1252 2206 1312 2246 μὲν
1342 2207 1405 2247 ’γὰρ
1436 2206 1462 2237 F

134 2261 170 2280 21
197 2251 389 2291 ὀφείλοντας
406 2251 430 2281 S
443 2251 472 2281 Y
486 2251 516 2281 Ο
679 2261 720 2281 22
745 2250 894 2283 τάλαντα
910 2260 975 2281 om.
997 2250 1020 2280 S
1033 2249 1075 2280 Y¹
1246 2259 1351 2287 22-23
1374 2251 1392 2282 ὃ
1408 2250 1459 2281 καὶ

162 2318 168 2324 .
190 2318 196 2325 .
217 2293 280 2333 εἴη]
299 2296 351 2326 καὶ
368 2295 473 2326 δεινὸν
488 2296 527 2326 ἃν
544 2296 592 2332 εἴη
608 2307 648 2335 γε
666 2293 690 2324 S
702 2292 747 2324 Y¹
964 2304 1004 2331 24
1028 2293 1159 2334 τυχεῖν]
1176 2293 1331 2333 μετέχειν
1349 2292 1373 2323 S
1385 2292 1461 2325 ΥΟ

133 2347 175 2376 25
197 2338 274 2370 τοὺς
293 2337 456 2377 κειμένους
479 2338 566 2379 ὑμῖν]
589 2338 661 2379 παρ’
678 2340 749 2377 ὑμῖν
767 2337 802 2376 F,
821 2337 862 2368 cs.
883 2347 953 2367 xxx
969 2338 990 2367 8

1512 130 1620 186 [⁸01]

1511 570 1626 625 [802]

1511 717 1529 755 5
