1737 2734
86 512 102 544 5

66 844 103 866 10

62 1512 101 1533 20

62 1842 98 1874 ²5

131 119 202 171 xx]
521 123 682 161 ΠΡΟΣ
730 121 1062 161 ΛΕΠΤΙΝΗΝ

127 227 193 267 ἀεί
224 243 260 266 τι
293 226 614 278 προθυμούμενος
646 227 745 276 ὑμᾶς
780 226 834 272 εὖ,
870 227 979 276 ὑμεῖς
1011 225 1044 265 δ’
1080 225 1262 268 ἑστώσας
1297 226 1462 278 ἀκύρους

126 293 397 343 πεποιηκότες,
436 292 456 332 ὃ
493 293 597 333 πολὺ
634 293 856 344 δεινότερον
890 295 957 332 τοῦ
992 295 1186 332 καθελεῖνἭ
1239 292 1351 333 αὗται
1385 294 1460 344 γὰρ

125 360 272 400 οὑτωσὶ
313 364 394 401 τοῖς
436 359 700 410 βουλομένοις
745 361 841 399 κατὰ
883 361 952 409 τῆς
993 360 1149 401 πόλεως
1193 363 1460 412 βλασφημεῖν

125 425 332 479 τεκμήριον
358 426 409 468 ὡς
434 427 563 476 ἀληθῆ
589 426 783 478 λέγουσιν
809 425 1060 476 ἑστήξουσιν.
1121 425 1223 478 φέρ’,
1252 427 1322 466 ἐὰν
1346 428 1388 466 δὲ
1413 425 1458 476 δὴ

125 492 288 545 πέμψας
315 493 366 535 ὡς
390 493 492 543 ἡμᾶς
512 493 532 532 ὁ
558 493 718 533 Λεύκων
747 494 885 547 ἐρωτᾷ,
904 494 945 533 τί
967 493 1129 545 ἔχοντες
1154 494 1371 545 ἐγκαλέσαι
1398 493 1460 533 καὶ

124 561 166 600 τί
186 560 436 612 μεμφόμενοι
463 559 534 609 τὴν
561 559 745 600 ἀτέλειαν
773 559 892 600 αὐτὸν
922 558 1144 615 ἀφῄρησθε,
1172 561 1214 600 τί
1236 559 1334 611 πρὸς
1359 563 1460 600 θεῶν

124 623 329 678 ἐροῦμενῆ
355 627 396 666 τί
419 625 567 679 γράψει
588 626 677 666 ποθ’
702 627 722 666 ὁ
750 625 795 666 τὸ
819 625 1001 678 ψήφισμ’
1026 627 1123 678 ὑπὲρ
1142 626 1252 676 ἡμῶν
1270 626 1457 678 γράφων;

124 694 183 733 ὅτι
208 693 255 743 νὴ
295 693 362 733 Δί’
399 692 503 743 ἦσάν
539 710 642 734 τινες
677 697 754 733 τῶν
794 691 1016 744 εὑρημένων
1049 691 1214 743 ἀνάξιοι.
1286 695 1355 733 ἐὰν
1390 694 1460 734 οὗν

124 761 215 816 εἴπῃ
239 760 336 811 πρὸς
357 759 465 799 ταῦτ’
487 762 633 802 ἐκεῖνος
660 762 670 777 ‘
687 760 750 799 καὶ
776 761 853 811 γὰρ
872 759 1095 809 Ἀθηναίων
1115 761 1220 801 τινὲς
1238 761 1336 802 ἴσως
1356 764 1457 812 φαῦ-

122 831 201 873 λοι,
228 827 290 866 καὶ
317 826 361 866 οὐ
392 829 456 866 διὰ
485 826 591 866 ταῦτ’
623 827 701 878 ἐγὼ
735 826 826 868 τοὺς
854 826 1053 879 χρηστοὺς
1084 827 1324 878 ἀφειλόμην,
1351 828 1459 867 ἀλλὰ

122 893 191 933 τὸν
217 896 340 944 δῆμον
364 893 532 944 νομίζων
559 893 738 946 χρηστὸν
763 892 914 934 πάντας
940 893 1049 946 ἔχειν
1075 892 1154 938 ἐῶ,’
1180 893 1225 932 οὐ
1250 893 1458 945 δικαιότερ’

122 960 231 1010 ἡμῶν
267 961 364 1012 ἐρεῖ;
406 961 492 1010 ἐμοὶ
528 963 623 1012 γοῦν
660 962 778 1000 δοκεῖ.
850 961 956 1011 παρὰ
992 963 1092 1000 πᾶσι
1128 962 1203 1012 γὰρ
1238 960 1459 1012 ἀνθρώποις

121 1027 279 1076 μᾶλλόν
304 1028 416 1066 ἐστιν
441 1027 529 1069 ἔθος
560 1028 624 1066 διὰ
655 1026 746 1068 τοὺς
776 1025 982 1079 εὐεργέτας
1011 1027 1074 1067 καὶ
1104 1026 1252 1068 ἄλλους
1281 1029 1391 1069 τινὰς
1417 1027 1458 1068 εὖ

122 1097 250 1133 ποιεῖν
274 1097 352 1133 τῶν
381 1093 432 1144 μὴ
459 1090 689 1146 χρηστῶνῆ
715 1095 778 1134 διὰ
802 1094 892 1134 τοὺς
918 1093 1096 1145 φαύλους
1119 1094 1210 1135 τοὺς
1234 1093 1453 1146 ὁμολογου-

121 1162 249 1210 μένως
274 1158 408 1209 ἀξίους
432 1159 593 1213 χάριτος
615 1162 662 1200 τὰ
680 1159 829 1200 δοθέντ’
850 1161 1124 1212 ἀφαιρεῖσθαι.
1197 1160 1353 1211 καὶμὴν
1372 1160 1452 1201 οὐδ’

121 1227 226 1268 ὅπως
251 1227 320 1266 οὐκ
345 1227 557 1267 ἀντιδώσει
589 1231 642 1281 τῷ
670 1227 852 1267 Λεύκωνί
876 1243 947 1273 τις,
974 1227 1023 1267 ἂν
1048 1227 1257 1278 βούληται,
1284 1228 1453 1278 δύναμαι

122 1294 394 1344 σκοπούμενος
420 1295 558 1345 εὑρεῖν.
621 1293 804 1346 χρήματα
827 1296 901 1344 μὲν
926 1293 1002 1345 γάρ
1027 1295 1139 1334 ἐστιν
1159 1295 1219 1334 ἀεὶ
1246 1294 1336 1346 παρ’
1361 1295 1453 1345 ὑμῖν

121 1359 250 1405 αὐτοῦ,
280 1362 376 1400 κατὰ
405 1362 448 1400 δὲ
472 1360 541 1400 τὸν
573 1361 695 1411 νόμον
725 1364 876 1405 τοῦτον,
905 1360 974 1400 ἐάν
1003 1377 1061 1402 τις
1091 1360 1151 1400 ἐπ’
1181 1360 1263 1400 αὕτ’
1290 1362 1400 1417 ἔλθῃ,
1428 1359 1450 1411 ἢ

122 1425 357 1478 στερήσεται
381 1427 530 1467 τούτων
557 1424 579 1476 ἢ
606 1430 842 1482 λῃτουργεῖν
868 1426 1232 1479 ἀναγκασθήσεται.
1305 1428 1394 1468 ἔστι
1420 1428 1452 1468 δ’

120 1492 164 1532 οὐ
193 1493 238 1533 τὸ
267 1495 336 1543 τῆς
369 1493 544 1543 δαπάνης
574 1493 769 1546 μέγιστον
798 1495 947 1548 ἐκείνῳ,
975 1493 1065 1534 ἀλλ’
1096 1495 1155 1534 ὅτι
1184 1494 1256 1544 τὴν
1285 1496 1451 1547 δωρειὰν

119 1561 217 1610 ὑμᾶς
242 1560 359 1601 αὐτὸν
384 1561 618 1616 ἀφῃρῆσθαι
643 1564 782 1611 νομιεῖ.

186 1627 247 1666 Οὐ
270 1627 415 1673 τοίνυν,
437 1625 466 1667 ὦ
487 1626 625 1678 ἄνδρες
651 1626 867 1677 Ἀθηναῖοι,
887 1627 940 1678 μὴ
960 1628 1121 1668 Λεύκων
1141 1629 1303 1685 ἀδικηθῇ
1325 1629 1449 1680 μόνον

120 1696 180 1733 δεῖ
203 1698 382 1743 σκοπεῖν,
410 1692 438 1748 ᾧ
456 1694 688 1746 φιλοτιμίας
717 1694 822 1748 ἕνεχ’
848 1694 870 1744 ἡ
901 1696 989 1746 περὶ
1014 1697 1083 1745 τῆς
1108 1697 1269 1747 δωρειᾶς
1294 1695 1446 1745 σπουδὴ

119 1759 262 1811 γένοιτ’
283 1760 343 1806 ἄν,
362 1762 406 1801 οὐ
431 1761 579 1813 χρείας,
598 1761 704 1800 ἀλλὰ
730 1761 792 1800 καὶ
818 1763 854 1801 εἴ
877 1777 935 1802 τις
959 1761 1084 1802 ἄλλος
1105 1762 1145 1802 εῧ
1164 1764 1237 1812 μὲν
1259 1763 1449 1812 ἐποίησεν

119 1827 217 1878 ὑμᾶς
246 1827 287 1867 εῧ
318 1827 512 1879 πράττων,
545 1829 600 1868 εἰς
629 1827 718 1867 δέον
755 1829 797 1868 δὲ
827 1831 895 1868 νῦν
931 1827 1065 1880 γέγον’
1095 1829 1197 1883 αὐτῷ
1227 1828 1272 1868 τὸ
1301 1833 1448 1879 λαβεῖν

119 1893 210 1946 παρ’
235 1895 342 1945 ὑμῶν
366 1893 438 1943 τὴν
458 1893 654 1934 ἀτέλειαν.
725 1894 785 1936 τίς
810 1895 879 1935 οὖν
904 1895 1018 1937 οὗτός
1043 1896 1175 1941 ἐστιν,·
1214 1894 1448 1947 Ἐπικέρδης

119 1961 140 1999 ὁ
171 1962 401 2013 Κυρηναῖος,
433 1962 488 2006 ὅς,
522 1962 630 2011 εἴπερ
659 1977 718 2002 τις
751 1960 876 2002 ἄλλος
906 1965 984 2001 τῶν
1015 1962 1253 2013 εἰληφότων,
1290 1963 1448 2004 δικαίως

118 2025 264 2077 ἠξιώθη
295 2027 438 2077 ταύτης
467 2030 536 2077 τῆς
565 2029 691 2077 τιμῆς,
723 2026 768 2066 οὐ
796 2031 849 2081 τῷ
878 2027 1021 2079 μεγάλ’
1054 2025 1076 2078 ἢ
1112 2027 1297 2078 θαυμάσι’
1329 2029 1447 2079 ἡλίκα

163 2146 182 2165 2
213 2135 425 2173 πεποιηκότες
450 2134 486 2165 S¹
513 2134 604 2173 (add.
635 2135 764 2166 ἔσεσθαι
794 2145 835 2166 m.
865 2135 950 2173 ant.)
981 2135 1023 2167 al.
1041 2147 1048 2165 :
1088 2135 1203 2167 ἔσεσθε
1235 2137 1447 2174 πεποιηκότες

121 2179 146 2208 L
159 2179 184 2208 F
301 2180 322 2208 6
346 2180 444 2210 αὐτὸν
464 2179 488 2208 L
504 2179 594 2217 vulg.
610 2189 616 2209 :
643 2180 741 2209 αυτὸν
759 2178 802 2209 S:
829 2180 926 2210 αὑτὸν
945 2178 1091 2215 Bekker,
1109 2179 1150 2209 ef.
1173 2183 1186 2216 ξ
1205 2189 1248 2217 40
1369 2190 1385 2219 7
1411 2180 1444 2220 ὁ]

118 2225 174 2253 ὅτε
192 2221 248 2253 5¹:
275 2223 345 2263 ὅγε
365 2221 516 2252 LYOP
613 2221 824 2261 huffivLal.:
851 2225 935 2260 ὑμῶν
953 2222 1102 2252 ΞΑΥΟ
1237 2224 1257 2253 8
1280 2236 1366 2256 τινες
1382 2227 1447 2256 τῶν

119 2265 297 2306 εὑρημένων
315 2266 346 2295 Α
360 2265 384 2295 F
400 2265 504 2296 schol.
524 2275 554 2304 p.
573 2275 648 2304 479,
665 2275 705 2303 25
722 2276 728 2294 :
752 2268 819 2296 τῶν
836 2265 1015 2306 εὑρημένων
1030 2265 1115 2298 τινὲς
1134 2265 1157 2295 S
1172 2265 1196 2295 L
1214 2266 1255 2296 al.
1345 2277 1366 2305 9
1383 2268 1445 2299 εἰσὶ

118 2314 198 2339 ante
215 2311 331 2349 φαῦλοι
348 2309 425 2340 add.
442 2309 493 2338 A:
520 2314 598 2348 post
616 2311 733 2349 φαῦλοι
752 2308 778 2338 L
794 2320 800 2338 :
826 2318 890 2339 om.
911 2309 935 2339 S
949 2309 978 2338 Y
991 2309 1020 2339 O
1035 2309 1072 2339 Pl
1207 2320 1243 2348 14
1269 2312 1446 2351 ὁμολογου-

122 2352 232 2384 ιιένους
250 2352 274 2382 F
290 2362 386 2391 corr„
407 2352 448 2382 cf.
467 2352 524 2382 xiv
544 2362 593 2389 11,
612 2353 691 2382 xxvi
709 2361 751 2382 22
932 2362 971 2382 21
999 2353 1097 2384 αὐτὸν
1115 2352 1140 2382 L
1158 2353 1245 2390 vulg.
1260 2364 1266 2382 τ
1293 2367 1390 2385 αυτον
1407 2354 1442 2393 S,

119 2395 158 2426 ef.
178 2398 194 2434 ξ
211 2396 254 2435 38
269 2407 276 2426 z
301 2397 397 2428 αὑτὸν
414 2396 490 2426 edd.
507 2395 605 2425 Turr.
741 2405 782 2434 23
807 2395 900 2427 ἕνεκα
916 2395 946 2425 Α
964 2407 970 2426 :
995 2397 1101 2427 εἵνεκα
1118 2395 1141 2426 S
1155 2395 1181 2425 L
1195 2396 1219 2426 F
1231 2395 1260 2426 Y
1273 2396 1303 2427 O

1491 120 1611 178 [468]

1490 706 1535 742 39

1489 1025 1613 1080 [469]

1484 1175 1532 1208 40

1480 1640 1520 1673 41
