1737 2734
97 129 211 184 [805]

169 374 210 410 16

166 777 206 808 17

164 1301 205 1334 18

84 1693 202 1747 [806]

642 123 1160 179 [ΔΗΜΟΣΘΕΝΟΎΣ]
1448 125 1565 179 [xxvt

240 231 512 283 εργαζομένων
547 248 583 271 τι
617 232 679 271 καὶ
712 232 818 286 κοινῇ
855 230 1005 272 πάντας
1035 231 1310 284 ἐνοχλούντων
1345 231 1406 271 καὶ
1440 248 1563 282 προσ-

240 298 484 348 ποιουμένων
510 299 606 349 ὑπὲρ
632 298 719 339 τοὺς
745 297 893 338 ἄλλους
919 296 1018 338 εἶναι
1046 297 1226 351 ῥᾳθύμως
1251 298 1373 339 οὕτως
1397 297 1525 351 ἔχειν,-

307 365 366 404 Οὐ
397 366 471 415 γὰρ
497 363 543 413 δή
569 381 672 405 τινες
701 365 807 414 ὑμῶν
833 364 954 405 οὕτως
984 363 1162 416 ἔχουσιν,
1189 363 1239 405 ὡς
1271 365 1473 415 προσῆκον
1496 367 1568 415 μὲν

240 430 348 471 ταῦθ’
375 431 496 472 οὕτως
526 430 633 483 ἔχειν
665 430 716 471 ὡς
747 431 825 482 ἐγὼ
854 429 972 482 λέγω,
1001 432 1064 470 διὰ
1095 432 1135 470 δὲ
1165 429 1235 479 τὴν
1261 431 1472 470 ἐπιείκειαν
1496 430 1568 480 τὴν

240 497 583 549 Ἀριστογείτονος
602 497 665 536 καὶ
691 497 735 536 τὸ
759 495 959 549 χρήσιμον
980 495 1096 536 αὐτὸν
1115 496 1204 546 ὑμῖν
1225 496 1325 536 εἶναι
1344 495 1569 548 παροπτέον

239 580 275 603 τι
306 564 367 603 καὶ
396 563 681 614 παρανομοῦντ’
708 562 838 602 αὐτόν.
910 564 969 602 ὅτι
997 564 1070 612 μὲν
1100 564 1175 614 γὰρ
1206 562 1376 613 πονηρὸς
1410 563 1471 602 καὶ
1500 562 1569 602 τὸν

238 631 386 681 τρόπον
415 633 550 670 δεινῶς
578 629 721 674 ἄδικος,
753 630 892 670 ἱκανῶς
921 630 1022 678 ὑμῖν,
1051 628 1101 670 ὡς
1132 628 1250 680 ἔγωγ’
1277 629 1395 678 οἶμαι,
1423 630 1466 668 ἐκ
1490 633 1569 668 τῶν

240 696 530 748 προειρημένων
556 699 780 747 Λυκοῦργος
806 695 1062 749 ἐπιδέδειχεν·
1102 696 1161 734 ὅτι
1185 694 1217 734 δ’
1243 695 1332 734 οὐδὲ
1358 694 1566 748 χρήσιμος,

239 761 285 812 ἐξ
307 763 432 802 αὐτῶν
457 767 534 803 τῶν
559 762 856 812 πολιτευμάτων
882 761 929 802 ἄν
949 778 1006 803 τις
1031 761 1148 801 αὐτοῦ
1173 760 1422 813 θεωρήσειεν.
1481 763 1569 801 τίνα

238 831 313 881 γὰρ
342 831 584 882 παραγαγὼν
613 831 667 871 εἰς
697 829 740 868 τὸ
770 827 1036 879 δικαστήριον,
1069 829 1124 867 ὧν
1151 827 1298 882 ιήτιὸιτο,
1330 827 1477 868 τούτων
1507 828 1569 867 καὶ

237 895 379 951 ᾕρηκεν
414 894 491 948 [καὶ
529 894 666 947 εἶλεν],·
708 893 729 945 ἢ
767 899 880 935 ποῖον
918 895 1040 946 πόρον
1078 895 1167 944 ὑμῖν
1204 894 1433 945 πεπόρικεν,·
1471 891 1495 944 ἢ
1531 896 1573 934 τί

238 962 435 1014 ψήφισμα
459 962 661 1015 γέγραφεν
687 961 714 1017 ᾧ
734 961 965 1002 πεισθέντες
992 962 1099 1010 ὑμεῖς
1120 960 1163 999 οὐ
1183 960 1305 1000 πάλιν
1324 963 1569 1012 μετανοῆσαι

238 1030 493 1079 προείλεσθε,·
533 1031 594 1069 καὶ
614 1031 688 1081 γὰρ
708 1032 840 1068 ταῦτα·
880 1029 979 1067 οὕτω
1001 1028 1139 1068 σκαιός
1159 1029 1247 1066 ἐστι
1274 1027 1334 1066 καὶ
1359 1026 1569 1079 βάρβαρος

236 1100 304 1136 τόν
330 1097 476 1148 τρόπον
500 1097 617 1142 ὥστε,
645 1097 739 1136 ὅταν
766 1096 864 1145 ὑμᾶς
895 1096 956 1150 ἴδῃ
983 1095 1081 1146 πρός
1106 1110 1215 1135 τινας
1244 1093 1504 1146 ὀργισθέντας
1531 1111 1569 1134 τι

238 1164 300 1203 καὶ
323 1165 479 1213 μᾶλλον
503 1166 570 1203 τοῦ
594 1161 752 1204 δέοντος
779 1159 1106 1214 παροξυνθέντας,
1134 1163 1344 1210 τηνικαῦτα
1368 1162 1473 1213 παρὰ
1497 1160 1569 1211 τὴν

236 1230 358 1281 ὀργὴν
383 1231 489 1280 ὑμῶν
513 1231 560 1269 τὰ
590 1228 826 1279 βουλήματα
857 1228 999 1278 λαβὼν
1024 1231 1104 1269 τοῖς
1139 1231 1284 1279 καιροῖς
1311 1229 1567 1268 ἐναντιοῦται.

237 1299 298 1337 δεῖ
320 1299 361 1337 δὲ
387 1300 453 1336 τὸν
473 1297 778 1346 πολιτευόμενον
806 1297 902 1346 ὑπὲρ
921 1296 1027 1345 ὑμῶν
1053 1294 1142 1347 οὐχὶ
1168 1297 1249 1336 τοῖς
1275 1292 1462 1346 ἐξαίφνης
1483 1294 1568 1345 μετ’

236 1364 355 1415 ὀργῆς
384 1363 552 1404 πάθεσιν
582 1365 671 1413 ὑμῖν
702 1363 996 1413 συμπίπτουσιν
1028 1363 1325 1407 ἐπακολουθεῖν,
1353 1361 1459 1401 ἀλλὰ
1487 1365 1567 1403 τοῖς

236 1434 446 1481 λογισμοῖς
484 1431 546 1470 καὶ
578 1433 659 1470 τοῖς
693 1429 899 1480 πράγμασι
934 1429 995 1468 καὶ
1028 1432 1110 1469 τοῖς
1142 1427 1367 1481 ὑπάρχουσι
1405 1432 1565 1481 καιροῖς·

236 1499 282 1536 τὰ
310 1500 381 1547 μὲν
407 1499 481 1550 γὰρ
506 1497 606 1550 ταχὺ
635 1497 894 1546 μεταπίπτειν
925 1497 1105 1540 εἴθισται,
1132 1497 1180 1534 τὰ
1209 1497 1251 1535 δὲ
1281 1494 1478 1545 διαμένειν
1505 1496 1566 1535 καὶ

237 1565 360 1604 πλείω
408 1564 553 1617 χρόνον
600 1563 806 1616 ὑπάρχειν·
862 1563 915 1602 ὧν
962 1562 1075 1604 οὗτος
1123 1561 1235 1602 οὐδὲν
1283 1562 1566 1612 ἐνθυμούμενος

237 1630 397 1684 ἐλέγχει
420 1631 646 1683 τάπόρρητα
676 1633 743 1680 τῆς
769 1629 984 1675 πολιτείας,
1013 1630 1115 1669 ὥστε
1142 1628 1249 1668 ταῦτ’
1275 1627 1566 1680 ἀναγκάζεσθαι

237 1698 298 1736 καὶ
325 1698 434 1749 κύρια
459 1698 521 1737 καὶ
547 1697 668 1737 πάλιν
693 1697 815 1747 ἄκυρα
840 1699 980 1736 ποιεῖν.

304 1764 418 1804 Ἀλλ’
439 1766 535 1806 ἴσως
555 1765 613 1804 ὅτι
636 1764 732 1815 πρὸς
751 1764 926 1805 ἅπαντας
953 1763 1014 1803 ἀεὶ
1036 1766 1277 1815 προαιρεῖται
1296 1764 1565 1813 λοιδορεῖσθαι

235 1832 296 1871 καὶ
321 1833 562 1882 διαβοᾶσθαι
589 1833 649 1871 καὶ
675 1831 906 1882 μέμφεσθαι
924 1832 972 1870 τὰ
997 1831 1206 1881 λεγόμενα,
1229 1831 1291 1869 διὰ
1310 1832 1431 1868 ταῦτα
1454 1845 1561 1880 περι-

234 1900 397 1948 ποιῆσαι
416 1901 484 1938 νῦν
504 1898 622 1938 αὐτὸν
642 1899 836 1949 ἁρμόττει.
898 1898 1003 1938 ἀλλὰ
1022 1896 1143 1936 ταῦτα
1164 1914 1209 1948 γε
1233 1896 1279 1945 νὴ
1299 1895 1371 1945 τὴν
1391 1895 1564 1945 Ἀθηνᾶν

281 2019 292 2038 1
320 2023 351 2040 τι
371 2008 394 2039 S
407 2007 450 2039 Y¹
467 2021 473 2039 z
497 2023 533 2040 τε
553 2010 640 2048 vulg.
817 2021 835 2049 3
862 2012 1024 2051 προσῆκον
1041 2008 1169 2048 Taylor
1186 2019 1191 2037 :
1217 2006 1390 2047 προσήκειν
1407 2004 1431 2035 S
1448 2005 1536 2044 vulg.
1556 2017 1562 2035 z

233 2053 386 2092 προσήκει
403 2053 433 2082 Α
568 2064 586 2092 5
613 2054 795 2093 παροπτέον
815 2054 911 2084 codd.
931 2065 937 2083 :
961 2053 1152 2093 περιοπτέον
1169 2050 1275 2081 Cobet
1412 2059 1428 2088 7
1454 2052 1563 2081 δεινῶς

234 2096 278 2126 Sl
312 2106 376 2127 om.
403 2102 479 2127 cett.
653 2098 672 2127 8
704 2101 883 2139 Λυκοῦργος
907 2096 987 2127 secl.
1007 2096 1097 2127 Weil
1225 2093 1312 2133 οὐδὲ]
1340 2092 1431 2124 οὐδὲν
1454 2092 1561 2123 CObet

232 2150 254 2178 9
278 2142 374 2171 αὐτοῦ
393 2139 629 2178 Frohberger:
655 2143 751 2172 αὐτὸν
769 2142 863 2171 codd.
987 2150 1024 2171 10
1049 2141 1163 2182 ᾐτιᾶτο
1182 2139 1225 2168 F:
1253 2139 1392 2168 αἰτιᾶται
1411 2136 1517 2166 SAY
1531 2136 1561 2165 O

237 2193 270 2213 11
301 2183 420 2225 ᾕρηκεν
446 2184 511 2223 [καὶ
539 2184 643 2217 eheu]
663 2184 776 2215 Weil:
809 2184 1048 2225 κατηγόρηκε(ν
1086 2185 1137 2215 καὶ
1163 2182 1283 2214 εἷλέν)
1308 2179 1436 2210 SYO:
1462 2178 1559 2221 ᾕρηκε

235 2228 370 2267 (εἴρηκε)
391 2231 579 2269 κατηγορῶν
595 2228 625 2258 Α
639 2228 663 2258 F
808 2239 846 2258 12
872 2227 894 2268 ᾧ
913 2251 919 2258 .
940 2251 946 2257 .
968 2251 974 2257 .
994 2225 1207 2266 μετανοῆσαιῖ
1227 2226 1243 2256 ἳ)
1262 2248 1268 2253 -
1290 2247 1296 2253 -
1318 2246 1324 2253 .
1344 2224 1560 2262 μεταποιῆσαι

234 2270 336 2304 Wcil,
363 2271 448 2301 forte
474 2277 565 2302 recte
723 2282 758 2310 13
789 2271 919 2309 ταῦταῆ
948 2271 1101 2300 distinxit
1128 2269 1261 2299 Dobree
1414 2276 1450 2304 14
1482 2266 1559 2307 πρός

234 2338 239 2342 .
262 2338 267 2344 ,
290 2338 296 2344 .
317 2328 347 2346 τι
367 2314 464 2345 Blass
482 2327 488 2345 ε
513 2315 588 2355 πρός
611 2329 697 2347 τινος
720 2315 929 2356 ὀργισθέντας
946 2315 998 2344 A:
1026 2311 1296 2353 παροργισθέντας
1319 2324 1350 2341 τι
1372 2309 1449 2349 πρός
1470 2321 1559 2340 τινας

235 2359 257 2385 5
276 2359 364 2397 vulg.
459 2370 499 2389 22
525 2358 658 2399 ἐλέγχει
673 2359 761 2398 vulg.
778 2358 801 2388 S
814 2371 866 2399 γρ.
886 2370 893 2388 2
918 2358 1094 2397 ἐλέγχεται
1110 2357 1133 2386 S
1146 2353 1190 2386 Y¹
1281 2363 1321 2391 24
1346 2355 1558 2393 λοιδορεῖσθαι

233 2404 421 2438 διαβοᾶσθαι
438 2403 618 2443 μέμφεσθαι
637 2402 666 2431 Α

1589 514 1605 543 5

1594 844 1630 867 ΙΟ

1592 1178 1626 1210 15

1590 1512 1628 1534 20

1586 1846 1622 1877 ²5
