1737 2734
80 878 117 899 10

77 1211 113 1242 15

74 1546 114 1567 20

144 151 256 206 xxxv]
479 156 637 193 ΚΑΤΑ
686 155 1137 193 ΤΙΜΟΚΡΑΤΟΎΣ

200 258 292 300 ’Ἷνα
309 262 350 300 δὲ
371 260 433 299 καὶ
450 261 538 311 περὶ
555 260 706 300 ἐκείνου
723 261 819 300 εἴπω
836 263 904 299 τοῦ
921 260 1054 310 νόμου,
1073 257 1102 298 ὦ
1118 259 1256 310 ἄνδρες
1273 260 1469 303 δικασταί,

140 325 169 382 ᾧ
196 327 324 366 ἀκούω
354 326 518 376 μέλλειν
546 328 835 378 παραδείγματι
863 328 1038 379 χρῆσθαι
1065 329 1205 366 τοῦτον
1234 326 1298 365 καὶ
1324 324 1472 377 φήσειν

140 394 361 433 ἀκόλουθον
387 392 488 447 αὐτῷ
513 392 731 443 τεθηκέναι,
761 395 804 433 ἐν
829 391 857 448 ᾧ
885 393 942 433 ἔνι
971 392 1085 433 ίοὐδὲ
1116 391 1224 442 δήσω
1250 391 1472 442 Ἀθηναίων

139 459 292 505 οὐδένα,
311 459 352 502 ὃς
368 459 416 500 ἂν
434 461 626 511 ἐγγυητὰς
640 463 743 511 τρεῖς
762 463 930 516 καθιστῇ
945 459 988 499 τὸ
1005 459 1098 500 αὐτὸ
1115 459 1229 500 τέλος
1244 462 1469 503 τελοῦντας,

140 526 245 576 πλὴν
270 526 337 566 ἐάν
357 543 414 568 τις
441 527 504 567 ἐπὶ
530 527 726 580 προδοσίᾳ
751 528 819 576 τῆς
845 527 1000 568 πόλεως
1024 523 1047 576 ἢ
1073 526 1136 566 ἐπὶ
1163 525 1379 565 καταλύσει
1401 529 1471 565 τοῦ

139 592 263 644 δήμου
296 594 442 633 συνιὼν
476 595 572 647 ἁλῷ,
608 590 630 642 ἢ
664 592 779 634 τέλος
814 592 1026 644 πριάμενος
1059 589 1082 642 ἢ
1117 591 1414 644 ἐγγυησάμενος
1447 589 1469 642 ἢ

141 660 314 712 ἐκλέγων
339 660 390 710 μὴ
419 659 657 715 καταβάλῃ,’
684 659 882 700 ἀκούσατέ
905 676 979 710 μου
1007 660 1069 699 καὶ
1094 659 1183 710 περὶ
1208 659 1359 699 τούτου.
1425 658 1471 698 οὐ

139 728 214 778 γὰρ
238 728 313 778 ἐρῶ
344 728 402 766 ὅτι
433 726 548 767 αὐτὸς
572 726 812 778 Ἀνδροτίων
838 725 934 778 ἦγεν
960 727 1014 767 εἰς
1038 726 1082 766 τὸ
1112 724 1381 776 δεσμωτήριον
1405 725 1470 766 καὶ

139 793 216 832 ἔδει
240 794 380 832 τούτου
411 792 589 843 κειμένου
613 796 681 832 τοῦ
706 794 839 842 νόμου,
867 792 960 832 ἀλλ’
987 792 1050 844 ἐφ’
1076 793 1134 834 οἷς
1161 795 1281 833 κεῖται
1307 793 1328 831 ὁ
1352 793 1470 843 νόμος

138 860 262 904 οὗτος,
297 858 441 910 διδάξω
479 860 590 909 ὑμᾶς.
661 860 775 901 οὗτος
806 859 895 911 γάρ,
930 857 960 899 ὦ
998 860 1133 910 ἄνδρες
1169 859 1364 904 δικασταί,
1400 858 1469 899 οὐκ

137 926 202 966 ἐπὶ
226 929 307 967 τοῖς
338 926 578 977 κεκριμένοις
610 926 672 966 καὶ
697 926 984 978 ἠγωνισμένοις
1014 930 1150 972 κεῖται,
1176 925 1268 966 ἀλλ’
1294 926 1358 966 ἐπὶ
1386 930 1469 968 τοῖς

136 992 319 1044 ἀκρίτοις,
347 993 412 1032 ἵνα
435 992 486 1043 μὴ
509 994 573 1032 διὰ
592 992 636 1032 τὸ
655 992 841 1033 δεδέσθαι
864 996 1001 1046 χεῖρον
1026 992 1299 1045 ἀναγκάζοιντ’
1324 992 1466 1044 ἀγωνί-

138 1059 273 1108 ζεσθαι
292 1056 314 1109 ἦ
338 1060 399 1100 καὶ
420 1059 674 1100 παντάπασιν
693 1059 965 1111 ἀπαράσκευοι
985 1059 1076 1100 εῗεν.
1125 1060 1263 1099 οὑτοσὶ
1282 1058 1336 1104 δέ,
1360 1059 1383 1099 ἃ
1403 1060 1468 1100 ἐπὶ

134 1129 217 1168 τοῖς
241 1126 414 1178 ἀκρίτοις
439 1129 576 1172 κεῖται,
598 1126 650 1168 ὡς
675 1126 763 1179 περὶ
789 1125 976 1167 ἁπάντων
996 1125 1181 1179 εἰρημένα
1205 1125 1346 1176 μέλλει
1371 1125 1468 1178 πρὸς

133 1193 231 1243 ὑμᾶς
253 1192 404 1244 λέγειν.
464 1193 516 1235 ὡς
540 1195 582 1234 δὲ
608 1197 751 1245 σαφῶς
774 1193 976 1245 γνώσεσθ’
1001 1194 1061 1233 ὅτι
1086 1194 1214 1243 ἀληθῆ
1240 1191 1360 1245 λέγω,
1388 1193 1467 1245 ἐγὼ

133 1260 225 1309 ὑμῖν
250 1261 339 1312 ἐρῶ.
399 1260 489 1300 οὔτε
509 1261 583 1313 γὰρ
601 1260 663 1306 ἄν,
685 1258 715 1300 ὦ
741 1259 878 1312 ἄνδρες
903 1260 1098 1305 δικασταί,
1119 1262 1235 1310 τιμᾶν
1261 1258 1354 1310 ἐξῆν
1376 1260 1468 1310 ὑμῖν

133 1327 155 1365 ὅ
179 1343 216 1366 τι
240 1326 315 1379 χρὴ
336 1329 477 1367 παθεῖν
496 1324 519 1377 ἢ
539 1328 752 1367 ἀποτεῖσαι
769 1326 827 1377 (ἐν
847 1329 922 1379 γὰρ
941 1331 994 1381 τῷ
1021 1328 1161 1367 παθεῖν
1187 1326 1250 1366 καὶ
1275 1327 1295 1365 ὁ
1320 1327 1466 1377 δεσμὸς

133 1392 203 1433 ἔνι·
241 1393 310 1433 οὐκ
342 1393 390 1434 ἂν
424 1394 493 1434 οὖν
521 1392 616 1444 ἐξῆν
645 1397 793 1445 δεσμοῦ
825 1392 1015 1444 τιμῆσαι),
1049 1393 1130 1433 οὔθ’
1160 1395 1268 1433 ὅσων
1302 1392 1466 1443 ἔνδειξίς

133 1461 244 1500 ἐστιν
267 1458 290 1510 ἦ
316 1460 511 1513 ἀπαγωγὴ
539 1460 858 1513 προσεγέγραπτ’
885 1460 933 1501 ἂν
963 1462 1005 1501 ἐν
1030 1463 1112 1501 τοῖς
1142 1461 1277 1511 νόμοις
1304 1463 1313 1477 ‘
1330 1459 1400 1500 τὸν
1432 1459 1465 1500 δ’

132 1527 384 1580 ἐνδειχθέντα
408 1525 430 1577 ἦ
458 1527 687 1580 ἀπαχθέντα
716 1526 925 1578 δησάντων
950 1529 986 1568 οἱ
1017 1528 1155 1568 ἕνδεκα
1184 1528 1226 1567 ἐν
1250 1530 1303 1581 τῷ
1331 1526 1465 1581 ξύλῳ,’

133 1595 242 1645 εἴπερ
261 1594 313 1644 μὴ
335 1594 428 1645 ἐξῆν
454 1594 601 1636 ἄλλους
627 1591 649 1644 ἦ
669 1594 760 1636 τοὺς
784 1595 848 1635 ἐπὶ
869 1595 1066 1648 προδοσίᾳ
1090 1596 1159 1644 τῆς
1178 1595 1331 1635 πόλεως
1356 1590 1379 1643 ἢ
1400 1595 1465 1634 ἐπὶ

135 1661 349 1701 καταλύσει
379 1664 447 1701 τοῦ
476 1660 599 1712 δήμου
629 1662 838 1704 συνιόντας
862 1658 885 1711 ἢ
911 1661 1001 1704 τοὺς
1027 1663 1075 1702 τὰ
1099 1661 1193 1711 τέλη
1220 1660 1464 1711 ὠνουμένους

133 1728 195 1767 καὶ
219 1727 271 1778 μὴ
306 1727 637 1778 καταβάλλοντας
667 1730 797 1778 δῆσαι.
873 1732 941 1768 νῦν
967 1730 1007 1768 δὲ
1040 1727 1147 1768 ταῦθ’
1173 1728 1263 1778 ὑμῖν
1288 1726 1461 1779 τεκμήρι’

132 1794 237 1834 ἔστω
266 1795 328 1834 ὅτι
356 1793 491 1845 ἔξεστι
520 1797 652 1845 δῆσαι·
689 1798 892 1837 παντελῶς
922 1797 996 1847 γὰρ
1026 1795 1098 1845 ἤδη
1128 1794 1234 1846 ἄκυρ’
1259 1793 1308 1834 ἂν
1338 1794 1385 1845 ἧν
1413 1796 1462 1834 τὰ

96 1880 109 1910 g
131 1860 340 1912 τιμήματα.
412 1861 547 1902 ἔπειτα
572 1861 618 1907 δ’,
645 1859 674 1901 ὦ
703 1861 841 1914 ἄνδρες
867 1862 1062 1907 δικασταί,
1091 1865 1204 1901 τοῦτο
1228 1861 1272 1901 τὸ
1301 1861 1462 1913 γράμμα

132 1927 227 1968 αὐτὸ
244 1930 316 1978 μὲν
338 1927 421 1967 καθ’
442 1929 535 1968 αὐτὸ
557 1929 623 1968 οὐκ
644 1928 730 1968 ἔστι
757 1929 888 1978 νόμος,
910 1928 954 1968 τὸ
976 1931 985 1945 ‘
1002 1929 1092 1968 οὐδὲ
1111 1926 1220 1978 δήσω
1239 1927 1461 1977 Ἀθηναίων

131 1993 297 2039 οὐδένα,’
332 1996 374 2034 ἐν
406 1997 448 2035 δὲ
477 1999 530 2049 τῷ
564 1996 664 2049 ὅρκῳ
694 1999 746 2049 τῷ
778 1999 1022 2048 βουλευτικῷ
1052 1993 1284 2046 γέγραπται,
1315 1995 1379 2034 ἵνα
1407 1994 1460 2044 μὴ

132 2059 414 2111 συνιστάμενοι
439 2063 474 2101 οἱ
503 2060 665 2113 ῥήτορες
694 2063 730 2102 οἱ
762 2063 804 2101 ἐν
829 2063 874 2117 τῇ
900 2062 1031 2117 βουλῇ
1058 2060 1206 2111 δεσμὸν
1232 2059 1329 2101 κατά
1354 2077 1460 2102 τινος

175 2180 193 2200 2
224 2172 355 2201 τουτονὶ
380 2171 469 2209 vulg.
586 2172 685 2210 φησὶν
709 2171 740 2201 Α
887 2173 908 2202 6
939 2185 969 2203 τι
995 2176 1070 2210 post
1094 2170 1191 2203 τέλος
1215 2171 1292 2201 add.
1319 2170 1460 2201 AYO:

132 2223 196 2244 om.
229 2213 291 2243 SF
445 2224 462 2252 7
499 2215 672 2256 καταβάλῃ
701 2214 735 2249 F,
767 2215 806 2245 cf.
841 2217 876 2252 ἐξ
904 2226 957 2253 40,
983 2215 1044 2253 87:
1081 2215 1277 2255 καταβάλλῃ
1307 2213 1459 2244 SAYO

134 2259 170 2294 ἐξ
187 2258 335 2295 145—146
357 2258 409 2288 ‘lua
424 2258 468 2296 μὴ
486 2258 536 2289 διὰ
549 2281 556 2288 .
574 2281 580 2287 .
599 2281 606 2288 .
624 2257 831 2296 ιῖψουμένουςἾι
852 2258 1107 2296 Oxyrhynchus
1126 2257 1250 2296 Papyri
1270 2258 1290 2287 ii
1312 2267 1459 2296 133-134

136 2309 173 2338 15
197 2300 249 2340 δὲ]
268 2303 306 2338 δη
325 2300 405 2339 Pap.
558 2302 596 2331 16
620 2302 658 2332 ἂν
673 2311 738 2331 om.
757 2301 780 2330 S
794 2302 824 2331 A
842 2313 848 2331 :
872 2302 947 2332 add.
966 2301 1055 2340 vulg.
1079 2301 1158 2339 Pap.
1266 2304 1363 2340 τιμᾶν
1378 2306 1458 2331 ante

133 2345 206 2383 ἐξῆν
234 2345 306 2383 ὑμῖν
329 2343 482 2374 AFYO
510 2343 610 2383 Pap:
648 2350 724 2383 post
755 2347 829 2384 ἐξῆν
857 2346 929 2384 ὑμῖν
957 2344 980 2375 S
1135 2354 1172 2383 17
1209 2345 1302 2383 prius
1329 2344 1455 2385 παθεῖν]

132 2386 287 2427 πα[]ησαι
306 2387 386 2426 Pap.
527 2397 565 2427 19
590 2390 680 2420 ἐστιν
697 2388 720 2418 5
734 2387 758 2418 F
776 2388 856 2428 Pap.
876 2399 883 2418 z
909 2388 981 2420 ἐστι’
997 2402 1059 2420 τινι
1078 2386 1107 2417 Α
1120 2387 1149 2417 Y
1162 2387 1191 2417 O

1268 2432 1327 2464 17*

1504 153 1614 208 [745]

1507 272 1572 306 144

1505 671 1566 707 145

1502 1197 1566 1239 146

1497 1390 1613 1446 [746]

1497 1740 1562 1775 147
