1737 2734
128 506 144 537 5

110 841 146 861 10

110 1506 148 1528 20

167 117 265 165 xxvj
420 113 548 153 KAT'
600 115 1159 154 ΑΡΙΣΤΟΓΕΙΤΟΝΟΣ
1209 116 1241 152 Α

165 221 273 261 ἀλλὰ
303 219 349 269 νὴ
385 220 477 264 Δία,
513 220 546 259 εἰ
579 219 687 259 ταῦτ’
723 219 836 259 ἐστὶν
873 218 975 273 αὐτῷ
1014 221 1188 271 δυσχερῆ
1225 220 1272 258 τὰ
1310 218 1399 271 περὶ
1434 218 1503 259 τὸν

165 286 328 338 πατέρα,
349 287 404 327 εἰς
430 285 498 325 τὸν
523 288 662 326 ἑαυτοῦ
693 287 786 336 βίον
816 284 1106 337 καταφεύξεται
1135 285 1186 327 ὡς
1217 285 1411 338 σώφρονα
1440 287 1502 326 καὶ

165 353 337 405 μέτριον.
408 356 542 399 ποῖον,·
587 352 631 392 ὃν
666 357 740 392 ποῦ
774 353 996 403 βεβίωκεν;
1040 351 1085 392 ὃν
1116 354 1189 402 μὲν
1223 353 1298 404 γὰρ
1332 351 1502 394 ἅπαντες

165 422 274 471 ὑμεῖς
309 418 509 471 ἑοράκατε,
543 419 610 458 οὐκ
646 419 733 459 ἔστι
770 423 958 460 τοιοῦτος.
1033 418 1126 458 ἀλλ’
1160 416 1189 458 ὦ
1223 421 1308 465 τᾶν,
1344 420 1400 462 εἷς
1432 420 1502 461 τὰς

165 488 402 543 λῃτουργίας
427 485 750 539 ἀποχωρήσεται.
811 487 881 527 τὰς
907 485 992 526 πότ’
1017 482 1040 535 ἢ
1068 489 1143 526 ποῦ
1168 486 1394 538 γεγονυίας;
1432 488 1502 527 τὰς

166 557 234 593 τοῦ
266 554 431 604 πατρός,·
475 552 566 592 ἀλλ’
601 552 669 592 οὐκ
703 554 819 593 εἰσίν.
893 553 999 592 ἀλλὰ
1032 554 1102 594 τὰς
1139 554 1296 600 ἑαυτοῦ,·
1340 552 1500 605 φάσεις,

167 618 394 672 ἀπαγωγάς,
423 618 620 669 ἐνδείξεις,
651 618 740 672 οὐχὶ
773 620 1011 674 λῃτουργίας
1045 617 1244 671 εὑρήσετε.
1316 620 1423 659 ἀλλὰ
1456 620 1503 669 νὴ

169 688 249 727 Δία
274 686 336 726 καὶ
368 685 489 738 χωρὶς
521 686 671 726 τούτων
697 689 905 737 συγγενεῖς
931 686 1079 726 πολλοὶ
1106 686 1167 726 καὶ
1194 687 1308 727 καλοὶ
1338 687 1504 739 κάγαθοὶ

166 752 441 805 παραστάντες
467 751 584 792 αὐτὸν
612 751 900 802 ἐξαιτήσονται.
962 752 1054 793 ἀλλ’
1074 752 1155 793 οὔτ’
1181 753 1284 793 εἰσὶν
1309 752 1388 793 οὔτ’
1415 753 1501 805 ἐγέ-

169 836 284 860 νοντο
316 819 489 860 πώποτε·
529 822 610 860 πῶς
642 821 716 871 γὰρ
745 823 798 873 τῷ
832 836 877 871 γε
909 819 999 870 μηδ’
1026 819 1239 874 ἐλευθέρῳ;
1277 819 1383 870 πλὴν
1416 821 1503 861 ἔστι

167 886 212 936 νὴ
250 887 340 931 Δία,
374 887 485 926 ἔστιν
521 886 697 938 ἀδελφός
731 902 788 927 τις
824 885 936 928 οὗτος
971 887 1087 941 αὐτῷ,
1115 887 1136 925 ὁ
1169 887 1303 938 παρὼν
1338 887 1401 927 καὶ
1432 887 1504 936 τὴν

168 953 293 1003 καλὴν
327 953 436 1002 δίκην
461 949 592 1006 [αὐτῷ]
623 953 775 1005 λαχών.
848 954 937 1004 περὶ
972 953 1016 993 οὗ
1049 955 1097 993 τὰ
1127 955 1200 1004 μὲν
1234 953 1342 993 ἄλλα
1374 954 1415 994 τί
1444 956 1506 994 δεῖ

167 1020 322 1073 λέγειν;
362 1018 537 1071 ἀδελφὸς
563 1019 595 1059 δ’
624 1019 711 1059 ἐστὶ
738 1019 876 1060 τούτου
908 1019 1144 1072 ὁμομήτριος
1175 1021 1238 1060 καὶ
1267 1020 1503 1072 ὁμοπάτριος

171 1087 233 1127 καὶ
251 1086 348 1139 πρὸς
368 1090 450 1128 τοῖς
474 1085 616 1128 ἄλλοις
640 1089 773 1128 κακοῖς
798 1087 967 1137 δίδυμος.
1029 1088 1276 1127 οὑτοσί-τὰ
1300 1088 1372 1138 μὲν
1398 1087 1504 1127 ἄλλα

169 1158 320 1200 σιωπῶ,
344 1152 435 1194 ἀλλ’
456 1152 522 1205 ἐφ’
543 1153 601 1194 οῖς
621 1154 730 1203 ὑμεῖς
749 1153 819 1203 τὴν
838 1155 981 1205 μιαρὰν
1003 1155 1196 1206 Θεωρίδα,
1218 1153 1290 1203 τὴν
1310 1155 1501 1205 Λημνίαν,

167 1221 239 1271 τὴν
269 1221 508 1272 φαρμακίδα,
539 1220 601 1259 καὶ
632 1219 753 1269 αὐτὴν
785 1220 847 1260 καὶ
877 1220 921 1260 τὸ
951 1220 1065 1272 γένος
1095 1220 1199 1261 ἅπαν
1233 1221 1501 1266 ἀπεκτείνατε,

168 1291 290 1328 ταῦτα
324 1288 466 1338 λαβὼν
495 1288 543 1326 τὰ
572 1286 760 1339 φάρμακα
793 1287 854 1327 καὶ
884 1288 954 1328 τὰς
979 1288 1132 1342 ἐπῳδὰς
1158 1288 1262 1339 παρὰ
1287 1289 1356 1338 τῆς
1388 1291 1498 1340 θερα-

168 1355 309 1404 παίνης
347 1355 478 1404 αὐτῆς,
511 1352 534 1404 ἢ
570 1353 652 1393 κατ’
687 1355 837 1404 ἐκείνης
871 1353 952 1394 τότ’
989 1354 1196 1405 ἐμήνυσεν,
1237 1353 1283 1404 ἐξ
1314 1354 1444 1406 ἧσπερ
1483 1356 1503 1393 ὁ

167 1421 375 1471 βάσκανος
410 1421 521 1462 οὗτος
555 1421 898 1470 πεπαιδοποίηται,
933 1422 1173 1473 μαγγανεύει
1203 1422 1267 1461 καὶ
1300 1421 1502 1472 φενακίζει

168 1489 231 1528 καὶ
267 1488 357 1529 τοὺς
396 1486 638 1537 ἐπιλήπτους
677 1488 806 1539 φησὶν
846 1489 996 1533 ἰᾶσθαι,
1037 1487 1153 1530 αὐτὸς
1193 1487 1246 1528 ὢν
1286 1488 1502 1538 ἐπίληπτος

168 1554 278 1611 πάσῃ
305 1555 485 1608 πονηρίᾳ.
557 1554 669 1596 οὗτος
695 1554 761 1594 οὖν
792 1553 910 1595 αὐτὸν
942 1552 1206 1606 ἐξαιρήσεται,
1235 1555 1254 1594 ὁ
1280 1556 1500 1607 φαρμακός,

168 1623 189 1661 ὁ
221 1622 372 1672 λοιμός,
401 1621 445 1661 ὃν
477 1620 695 1661 οἰωνίσαιτ’
724 1620 771 1660 ἄν
805 1637 863 1662 τις
895 1623 1052 1671 μᾶλλον
1087 1622 1180 1662 ἰδὼν
1212 1618 1235 1671 ἦ
1269 1625 1501 1673 προσειπεῖν

167 1689 372 1739 βούλοιτο,
405 1687 447 1729 ὃς
481 1687 597 1728 αὐτὸς
630 1688 731 1742 αὑτῷ
766 1687 936 1728 θανάτου
971 1690 1177 1739 τετίμηκεν
1215 1689 1279 1728 ὅτε
1317 1689 1500 1739 τοιαύτην

168 1757 277 1805 δίκην
304 1756 465 1808 ἔλαχεν.

233 1822 286 1862 Τί
309 1821 376 1862 οὖν
395 1821 550 1866 λοιπόν,
574 1818 603 1860 ὦ
623 1820 760 1872 ἄνδρες
780 1820 1004 1871 Ἀθηναῖοι;
1034 1823 1058 1862 ’ὰ
1078 1824 1189 1862 κοινὰ
1209 1821 1254 1871 νὴ
1277 1823 1355 1862 Δία
1375 1825 1498 1862 πᾶσιν

167 1887 336 1940 ὑπάρχει
376 1891 458 1929 τοῖς
500 1887 804 1939 ἀγωνιζομένοις
845 1891 950 1939 παρὰ
989 1891 1058 1938 τῆς
1097 1892 1175 1929 τῶν
1216 1888 1353 1928 ἄλλων
1391 1890 1497 1939 ὑμῶν

167 1955 341 2006 φύσεως,
365 1955 426 1994 καὶ
446 1954 571 1995 οὐδεὶς
591 1953 706 1995 αὐτὸς
732 1955 853 2009 ἑαυτῷ
874 1959 995 1995 ταῦτα
1015 1955 1127 2007 φέρει
1147 1959 1224 1995 τῶν
1245 1955 1494 2007 κρινομένων,

167 2020 258 2062 ἀλλ’
278 2022 385 2072 ὑμῶν
410 2022 578 2062 ἕκαστος
597 2020 702 2074 ἔχων
721 2022 875 2062 οἴκοθεν
900 2022 1070 2075 ἔρχεται,
1092 2022 1219 2067 ἔλεον,
1243 2022 1494 2074 συγγνώμην,

167 2089 485 2139 φιλανθρωπίαν.
556 2088 662 2127 ἀλλὰ
686 2088 834 2127 τούτων
864 2087 901 2139 γ’
929 2088 1010 2128 οὔθ’
1036 2090 1151 2129 ὅσιον
1180 2089 1267 2129 οὔτε
1304 2088 1413 2138 θέμις
1442 2092 1494 2142 τῷ

208 2206 227 2234 3
253 2197 327 2229 ποῦ]
346 2199 381 2228 οὐ
400 2197 423 2227 F
435 2197 465 2226 Y
481 2210 545 2237 γρ.,
563 2196 602 2226 cf.
618 2196 677 2226 xix
695 2206 759 2227 200
851 2207 888 2227 12
914 2199 998 2238 αὐτῷ
1014 2203 1093 2228 ante
1110 2199 1224 2238 λαχών
1242 2197 1266 2228 S
1282 2198 1371 2237 vulg.
1386 2212 1392 2229 z
1420 2203 1495 2237 post

165 2242 280 2279 λαχὼν
294 2240 323 2270 Y
341 2252 347 2270 :
371 2251 437 2271 om.
452 2240 589 2271 Aristid.
604 2241 678 2270 cod.
695 2240 769 2270 Par.
787 2240 853 2271 Rh.
871 2240 929 2270 Gr,
943 2241 976 2270 ix
987 2243 1050 2280 358
1067 2252 1074 2271 z
1097 2242 1175 2272 secl.
1190 2241 1288 2271 Blass
1381 2251 1417 2279 14
1443 2243 1494 2273 καὶ

166 2289 244 2314 ante
261 2284 303 2315 τὰ
318 2285 398 2314 add.
416 2283 440 2314 S
453 2283 483 2313 Y
495 2283 525 2314 O
542 2295 547 2313 t
573 2293 637 2314 om.
658 2287 753 2322 cett.‚
773 2283 814 2314 cs.
836 2284 869 2313 iii
887 2294 927 2322 27
1040 2294 1076 2314 21
1105 2285 1304 2326 ἐξαιρήσεται
1323 2284 1491 2324 Harpocr.

166 2337 191 2357 S.
205 2337 235 2357 V.
254 2327 426 2368 φαρμακός,
449 2326 602 2364 Photius,
624 2326 745 2356 SuidaS
762 2337 768 2356 :
795 2328 997 2367 ἐξαιτήσεται
1015 2328 1111 2358 codd.
1255 2338 1296 2358 22
1321 2328 1494 2360 οἷωνίσαιτ’

166 2371 286 2400 codd:
319 2368 538 2401 ἀποιωνῖσαιτ’
566 2370 781 2400 Herwerden
928 2381 970 2409 23
1007 2374 1089 2411 αὑτῷ
1113 2370 1215 2409 vulg„
1243 2372 1283 2401 cf.
1311 2372 1406 2401 xxxii
1436 2381 1492 2410 15:

167 2427 264 2445 αυτου
282 2413 305 2443 S
318 2414 368 2444 Y:
395 2415 479 2449 αὐτῷ
497 2413 536 2444 G.
558 2413 601 2444 H.
621 2413 785 2444 Schaefer
878 2424 920 2450 20
944 2414 1008 2446 οὔθ’
1031 2438 1037 2445 .
1056 2440 1063 2446 .
1080 2439 1087 2445 .
1109 2414 1198 2454 οὔτε]
1217 2415 1280 2446 οὐδ’
1297 2438 1304 2445 .
1326 2438 1332 2444 .
1355 2438 1362 2445 .
1380 2414 1451 2447 οὐδὲ
1470 2414 1495 2444 F

1535 114 1649 168 [793]

1534 836 1578 871 79

1533 1293 1650 1410 ἵζω]

1528 1828 1569 1864 81
