1737 2734
81 149 188 202 [577]

125 391 187 434 196

80 834 187 889 [578]

124 899 186 933 197

122 1456 186 1499 198

123 1932 186 1965 199

642 148 1131 186 ΔΗΜΟΣΘΕΝΟΎΣ
1459 142 1549 197 [xx1

220 253 291 300 τὴν
312 251 388 300 σὴν
416 251 641 302 θρασύτητα
664 252 725 290 καὶ
753 250 889 302 φωνην
912 251 973 290 καὶ
1000 248 1070 302 [τό]
1097 253 1234 303 σχῆμα
1260 251 1321 290 καὶ
1347 251 1435 292 τοὺς
1455 252 1550 293 σοὺς

220 318 458 358 ἀκολούθους
497 318 557 356 καὶ
594 321 766 357 πλοῦτον
807 318 867 356 καὶ
904 318 1020 368 ὕβριν
1057 319 1313 368 θεωροῦντας,
1341 319 1383 357 ἐν
1419 320 1459 358 δὲ
1495 321 1548 372 τῷ

220 385 423 435 κρίνεσθαι
460 383 685 436 παραχρῆμ’
725 382 954 433 ἐλεηθήσει;
1010 383 1190 435 μεγάλην
1226 383 1372 434 μέντᾶν
1407 383 1546 436 ἀρχήν,

217 453 375 500 μᾶλλον
424 452 465 489 δὲ
513 449 672 503 τέχνην,
719 451 799 500 ε’ίης
848 451 1030 502 εὑρηκώς,
1076 452 1109 490 εἰ
1158 450 1226 489 δύο
1267 450 1548 490 τάναντιώταθ’

219 519 370 558 ἑαυτοῖς
391 517 433 556 ἐν
453 517 552 556 οὕτω
577 519 728 569 βραχεῖ
750 517 880 570 χρόνῳ
902 517 988 567 περὶ
1011 516 1158 556 σαυτὸν
1177 517 1311 556 δύναιο
1332 519 1546 562 ποιεῖσθαι,
1570 535 1585 564 5

219 584 371 633 φθόνον
395 581 441 632 ἐξ
468 584 521 622 ὧν
549 583 622 637 ζῇς,
657 583 718 622 καὶ
746 583 810 634 ἐφ’
837 584 894 624 οἷς
920 582 1117 637 ἐξαπατᾷς
1144 583 1270 622 ἔλεον.
1343 583 1411 622 οὐκ
1438 583 1548 623 ἔστιν

219 649 435 699 οὐδαμόθεν
472 666 537 688 σοι
573 648 786 700 προσήκων
823 649 934 691 ἔλεος
971 649 1059 689 οὐδὲ
1098 649 1181 689 καθ’
1217 650 1272 695 ἕν,
1311 650 1417 689 ἀλλὰ
1457 649 1546 689 τού-

219 717 377 755 ναντίον
402 719 520 765 μῖσος
541 717 603 755 καὶ
629 716 778 767 φθόνος
800 715 861 755 καὶ
882 714 991 767 ὀργή·
1030 716 1178 755 τούτων
1204 718 1279 767 γὰρ
1299 715 1390 766 ἄξια
1409 720 1546 757 ποιεῖς.

219 782 310 822 ἀλλ’
348 781 409 822 ἐπ’
448 781 562 822 ἐκεῖν’
599 781 792 832 ἐπάνειμι,
819 783 880 822 ὅτι
916 786 983 822 τοῦ
1020 781 1140 832 δήμου
1179 781 1444 834 κατηγορήσει
1486 782 1548 822 καὶ

219 851 287 898 τῆς
329 849 556 898 ἐκκλησίας.
628 849 722 888 ὅταν
765 848 832 888 οὖν
874 853 989 889 τοῦτο
1038 849 1138 905 ποιῇ,
1184 850 1417 899 ἐνθυμεῖσθε
1458 848 1548 900 παρ’
1572 864 1608 885 10

218 916 307 965 ὑμῖν
343 915 485 961 αὐτοῖς,
521 914 658 966 ἄνδρες
701 917 896 959 δικασταί,
935 916 994 954 ὅτι
1031 915 1143 957 οὗτος
1179 919 1257 955 τῶν
1288 914 1374 965 μεθ’
1411 917 1548 955 ἑαυτοῦ

219 981 576 1033 στρατευσαμένων
603 980 766 1027 ἱππέων,
794 981 850 1021 ὅτ’
879 983 934 1024 εἰς
954 982 1155 1021 ”Ολυνθον
1180 981 1389 1031 διέβησαν,
1420 982 1547 1021 ἐλθὼν

218 1048 315 1099 πρὸς
339 1050 437 1098 ὑμᾶς
463 1050 517 1090 εἰς
541 1048 613 1098 τὴν
639 1049 855 1098 ἐκκλησίαν
883 1049 1103 1100 κατηγόρει.
1170 1048 1291 1088 πάλιν
1320 1051 1387 1088 νῦν
1411 1049 1547 1098 μείνας

218 1119 313 1166 πρὸς
342 1115 431 1156 τοὺς
464 1114 751 1165 ἐξεληλυθότας
780 1118 848 1154 τοῦ
879 1114 1000 1165 δήμου
1033 1112 1307 1166 κατηγορήσει.
1380 1115 1547 1166 πότερον

217 1182 284 1222 οὖν
314 1183 434 1232 ὑμεῖς,
468 1181 537 1221 ἐάν
566 1198 608 1222 τε
638 1181 780 1232 μένητε
811 1181 880 1221 ἐάν
909 1181 943 1221 τ’
977 1180 1117 1232 ἐξίητε,
1150 1179 1414 1232 ὁμολογήσετ’
1447 1180 1547 1221 εἶναι
1572 1197 1606 1228 15

217 1253 386 1288 τοιοῦτοι
410 1249 514 1289 οἵους
543 1248 708 1290 Μειδίας
727 1250 826 1299 ὑμᾶς
850 1249 1078 1300 ἀποφαίνει,
1104 1245 1126 1298 ἢ
1151 1248 1383 1288 τούναντίον
1408 1251 1547 1287 τοῦτον

217 1315 277 1355 ἀεὶ
316 1316 377 1354 καὶ
417 1319 622 1367 πανταχοῦ
665 1317 767 1356 θεοῖς
810 1314 954 1368 ἐχθρὸν
995 1315 1058 1354 καὶ
1101 1315 1319 1366 βδελυρόνς
1360 1315 1438 1365 ἐγὼ
1475 1316 1547 1364 μὲν

217 1382 323 1432 οἶμαι
352 1386 492 1422 τοῦτον
516 1385 706 1421 τοιοῦτον·
744 1381 790 1422 ὃν
814 1383 891 1433 γὰρ
921 1381 993 1434 οὐχ
1025 1383 1168 1430 ἱππεῖς,
1196 1381 1240 1421 οὐ
1268 1380 1546 1434 συνάρχοντες,

217 1449 261 1488 οὐ
288 1450 402 1499 φίλοι
426 1449 612 1488 δύνανται
646 1447 796 1500 φέρειν,
822 1450 862 1488 τί
886 1452 1024 1488 τοῦτον
1050 1449 1139 1504 εἴπῃ
1165 1465 1243 1494 τις;
1283 1448 1369 1498 ἐμοὶ
1403 1449 1475 1498 μὲν
1501 1447 1546 1496 νὴ

217 1515 285 1554 τὸν
317 1516 395 1555 Δία
426 1516 487 1555 καὶ
512 1515 580 1555 τὸν
606 1515 796 1555 Ἀπόλλω
827 1516 889 1554 και
916 1515 987 1564 τὴν
1014 1515 1187 1565 Ἀθηνᾶν
1216 1513 1430 1566 (εἰρήσεται
1459 1513 1546 1566 γάρ,
1572 1530 1608 1551 20

218 1581 287 1622 εἴτ’
325 1582 485 1632 ἄμεινον
522 1583 599 1622 εἴτε
632 1581 715 1632 μή,>
756 1582 814 1621 ὅθ’
851 1582 963 1623 οὗτος
1002 1581 1053 1623 ὡς
1090 1581 1351 1633 ἀπήλλαγμαι
1388 1581 1548 1632 περιιὼν

218 1650 458 1700 ἐλογοποίει,
488 1649 649 1698 ἔνδηλοί
680 1665 784 1690 τινες
813 1647 916 1698 ἦσαν
943 1649 1158 1701 ἀχθόμενοι
1188 1652 1264 1688 τῶν
1290 1647 1391 1688 πάνυ
1422 1648 1546 1701 τούτῳ

218 1716 449 1755 λαλούντων
484 1714 619 1765 ἡδέως.
689 1716 751 1755 καὶ
789 1715 834 1765 νη
875 1713 938 1755 Δί’
976 1716 1106 1757 αὐτοῖς
1143 1715 1274 1765 πολλὴ
1318 1714 1545 1766 συγγνώμη·

218 1782 262 1822 οὐ
294 1781 370 1833 γάρ
405 1784 491 1822 ἐστι
528 1781 702 1834 φορητὸς
741 1782 958 1833 ἅνθρωπος,
987 1783 1093 1822 ἀλλὰ
1130 1782 1191 1821 καὶ
1228 1785 1394 1822 πλουτεῖ
1426 1781 1547 1831 μόνος

218 1849 279 1888 καὶ
304 1849 439 1900 λέγειν
465 1849 626 1889 δύναται
649 1849 780 1898 μόνος,
807 1849 868 1889 καὶ
894 1848 1038 1890 πάντες
1065 1849 1143 1889 εἰσὶ
1168 1849 1292 1903 τούτῳ
1321 1847 1548 1899 καθάρματα
1570 1863 1605 1893 25

217 1917 279 1955 καὶ
317 1917 468 1969 πτωχοὶ
503 1916 564 1955 καὶ
604 1915 682 1955 οὐδ’
715 1916 927 1967 ἄνθρωποι.
998 1916 1066 1956 τὸν
1098 1916 1165 1956 οὖν
1203 1917 1267 1956 ἐπὶ
1303 1915 1443 1965 ταύτης
1478 1917 1547 1964 τῆς

215 1984 486 2034 ὑπερηφανίας
511 1984 620 2028 ὄντα,
645 1987 713 2023 νῦν
741 1984 808 2023 ἐὰν
834 1983 1037 2039 ἀποφύγῃ,
1058 1983 1098 2022 τί
1120 1981 1303 2032 ποιήσειν
1323 1984 1474 2025 οἵεσθες
1504 1980 1551 2032 ἐξ

216 2050 307 2090 ὅτου
340 2052 381 2089 δὲ
413 2049 513 2089 τοῦτ’
548 2049 596 2089 ἂν
638 2049 793 2100 εἰδείητ’
831 2051 908 2101 ἐγὼ
943 2049 1100 2102 φράσω·
1154 2051 1186 2090 εἰ
1225 2053 1306 2091 τοῖς
1344 2050 1442 2099 μετὰ
1474 2047 1547 2097 τὴν

216 2117 463 2169 χειροτονίαν
501 2117 722 2168 τεκμηρίοις
766 2115 1018 2168 θεωρήσαιτε.
1079 2118 1137 2158 τίς
1180 2115 1254 2168 γάρ
1292 2117 1402 2155 ἐστιν
1435 2116 1546 2157 ὅστις

265 2235 277 2255 1
305 2227 342 2256 τὸ
361 2225 384 2255 S
399 2225 427 2255 Y
440 2225 469 2256 O
484 2225 530 2255 P:
554 2225 632 2255 secl.
646 2225 736 2256 Weil
754 2237 760 2255 ;
784 2227 822 2257 τὺ
840 2228 899 2257 σὸν
915 2226 1004 2264 vulg.
1096 2236 1113 2263 4
1133 2227 1170 2257 ἂν
1183 2231 1259 2264 post
1272 2227 1337 2263 εἴης
1351 2225 1424 2256 add.
1438 2225 1546 2261 vulga:

219 2279 282 2299 om.
302 2269 325 2299 S
344 2270 434 2299 solus
577 2271 598 2298 6
623 2271 655 2309 ἐξ
672 2268 728 2309 ὧν]
749 2269 798 2310 ἐφ’
817 2268 862 2301 οἷς
879 2269 909 2298 Α
1068 2279 1102 2307 17
1129 2271 1179 2300 καὶ
1198 2274 1272 2308 post
1291 2270 1338 2300 ἀεὶ
1356 2279 1421 2299 om.
1441 2269 1464 2299 S
1482 2270 1544 2299 a1.:

218 2313 292 2342 add.
316 2313 340 2341 F
434 2313 538 2350 18-29
560 2313 662 2342 verba
678 2314 715 2344 ‘bu
732 2337 738 2343 .
756 2336 762 2343 .
781 2336 788 2343 .
806 2313 1000 2353 θεωρήσαιτε
1019 2313 1126 2343 obelis
1142 2318 1258 2343 notata
1276 2313 1306 2342 in
1328 2312 1352 2342 F
1446 2322 1483 2350 η)
1507 2313 1546 2344 ἂν

220 2358 301 2386 εἴποι
328 2355 352 2385 F
529 2366 569 2393 24
602 2357 762 2396 ἄνθρωπος
787 2357 882 2386 codd.
1066 2367 1108 2395 29
1140 2357 1342 2396 χειροτονίαν
1368 2355 1403 2386 S¹
1429 2355 1545 2385 solus:

221 2399 508 2440 καταχειροτονίαν
532 2400 619 2437 vulg.
649 2400 672 2429 S
699 2410 795 2438 corr,
822 2400 861 2429 cf.
888 2402 924 2436 §5
956 2401 1025 2438 176,
1055 2409 1113 2438 179
1216 2400 1398 2440 τεκμηρίοις
1422 2409 1485 2430 om.
1513 2398 1544 2429 A

220 2443 412 2479 (θεωρήσαιτε
433 2443 589 2472 Bekker:
614 2443 791 2481 θεωρήσετε
812 2443 834 2473 S
854 2443 940 2482 vulg.
961 2455 966 2473 :
991 2445 1173 2484 θεωρήσητε
1193 2443 1222 2474 O
