1737 2734
78 851 115 873 10

75 1183 110 1214 ¹5

73 1515 112 1536 20

138 121 209 176 xx]
532 126 689 164 ΠΡΟΣ
738 126 1072 164 AEHTINHN

136 231 296 283 χρόνον.
367 230 387 269 ὁ
412 231 542 270 τοίνυν
567 229 639 280 τὴν
664 231 801 270 πίστιν
826 231 1006 283 ἀφαιρῶν
1031 233 1109 270 τῶν
1135 232 1308 281 δωρειῶν
1333 229 1466 280 νόμος,

136 297 263 342 οὗτος,
292 295 321 352 ᾧ
345 297 452 351 μόνῳ
485 298 682 349 κρείττους
713 298 815 338 εἰσὶν
845 299 883 337 αἱ
916 296 1006 349 παρ’
1030 298 1138 348 ὑμῶν
1166 296 1335 348 δωρειαί,
1361 295 1466 335 τοῦτ’

136 365 375 416 ἀφαιρεῖται.
449 365 574 404 καίτοι
603 368 680 404 τῶν
709 366 877 404 ἁπασῶν
911 364 952 414 ἧς
983 363 1030 404 ἄν
1059 380 1165 404 τινος
1195 362 1399 404 πολιτείας
1423 362 1469 402 τὸ

137 431 364 481 κομίζεσθαι
397 431 489 472 τοὺς
522 431 655 472 εὔνους
689 435 772 473 τοῖς
805 433 1056 470 καθεστῶσιν
1089 429 1207 483 χάριν
1240 428 1392 485 ἐξέλῃς,
1425 428 1470 468 οὐ

134 499 277 548 μικρὰν
303 498 488 548 φυλακὴν
513 497 640 537 αὐτῶν
666 498 811 547 ταύτην
836 498 1049 553 ἀφῃρηκὼς
1075 497 1172 537 ἔσει.

200 564 318 617 Τάχα
335 564 467 604 τοίνυν
487 566 585 606 ἴσως
603 566 730 604 ἐκεῖνο
748 563 883 615 λέγειν
900 564 950 604 ἂν
969 562 1236 616 ἐπιχειρήσειε
1256 563 1466 613 Λεπτίνης,

135 630 300 683 ἀπάγων
336 632 434 681 ὑμᾶς
469 631 546 671 ἀπὸ
582 631 744 679 τούτων,
778 631 828 672 ὡς
865 632 904 670 αἱ
940 632 1170 686 λῃτουργίαι
1206 634 1274 670 νῦν
1309 632 1383 681 μὲν
1414 631 1469 672 εἷς

135 697 306 748 πένητας
354 698 581 749 ἀνθρώπους
627 697 825 751 ἔρχονται,
870 699 912 737 ἐκ
959 699 1001 738 δὲ
1047 700 1115 737 τοῦ
1162 698 1282 747 νόμου
1329 697 1469 737 τούτου

134 763 480 819 λῃτουργήσουσιν
517 766 553 805 οἱ
592 765 899 805 πλουσιώτατοι.
971 764 1059 804 ἔστι
1095 766 1137 804 δὲ
1176 763 1282 803 τοῦθ’
1321 764 1468 803 οὑτωσὶ

133 834 205 881 μὲν
225 832 393 871 ἀκοῦσαι
411 832 535 883 λόγον
551 831 624 871 τιν’
641 831 748 883 ἕχον·
781 833 814 871 εἰ
831 831 872 871 δέ
888 848 945 872 τις
962 831 1044 871 αὔτ’
1061 832 1235 882 ἀκριβῶς
1252 830 1466 880 ἐξετάσειε,

134 901 283 950 ψεῦδος
316 898 364 938 ἂν
395 899 550 950 φανείη.
625 899 704 938 εἰσὶ
734 899 810 950 γὰρ
842 896 967 948 δήπου
1000 897 1089 949 παρ’
1122 897 1215 948 ἡμῖν
1245 899 1355 937 αἵτε
1388 901 1468 937 τῶν

133 965 327 1014 μετοίκων
361 965 596 1021 λῃτουργίαι
634 965 695 1004 καὶ
732 966 771 1005 αἱ
808 965 1020 1010 πολιτικαί,
1056 965 1111 1004 ῶν
1147 963 1342 1016 ἑκατέρων
1379 965 1467 1004 ἐστὶ

133 1034 216 1073 τοῖς
246 1031 472 1083 εὑρημένοις
501 1031 524 1082 ἡ
559 1031 721 1072 ἀτέλεια
750 1030 800 1081 ἢν
828 1031 941 1073 οὗτος
973 1032 1212 1084 ἀφαιρεῖται.
1284 1034 1363 1071 τῶν
1391 1032 1467 1082 γὰρ

134 1099 189 1138 εἰς
226 1097 295 1138 τὸν
331 1099 509 1148 πόλεμον
547 1098 610 1138 καὶ
642 1097 714 1148 τὴν
748 1099 948 1150 σωτηρίαν
976 1101 1046 1148 τῆς
1077 1098 1234 1139 πόλεως
1264 1098 1467 1149 εἰσφορῶν

133 1165 195 1204 καὶ
231 1168 497 1217 τριηραρχιῶν
529 1165 653 1217 ὀρθῶς
691 1165 752 1204 καὶ
788 1165 946 1206 δικαίως
976 1164 1101 1206 οὐδείς
1131 1164 1216 1204 ἐστ’
1246 1163 1391 1214 ἀτελὴς
1425 1166 1467 1204 ἐκ

130 1234 209 1271 τῶν
236 1235 417 1271 παλαιῶν
445 1232 588 1282 νόμων,
616 1231 696 1271 οὐδ’
726 1231 793 1273 οὓς
821 1231 933 1273 οὗτος
962 1232 1129 1283 ἔγραψε,
1156 1231 1247 1273 τοὺς
1279 1230 1350 1282 ἀφ’
1373 1230 1463 1283 Ἃρ-

130 1299 269 1348 μοδίου
316 1298 378 1337 καὶ
416 1297 772 1350 Ἀριστογείτονος.
845 1299 1091 1350 σκεψώμεθα
1132 1297 1178 1348 δὴ
1221 1298 1331 1339 τίνας
1371 1298 1466 1348 ἡμῖν

132 1366 306 1405 εἰσποιεῖ
339 1365 535 1417 χορηγοὺς
565 1366 619 1406 εἰς
649 1366 801 1407 ἐκείνας
829 1367 899 1407 τὰς
927 1365 1176 1420 λῃτουργίας,
1208 1365 1271 1405 καὶ
1301 1365 1464 1410 πόσους,

133 1432 203 1471 ἐὰν
231 1431 285 1482 μὴ
314 1432 436 1486 τούτῳ
468 1430 745 1484 προσέχωμεν,
773 1430 937 1484 ἀφήσει.
1009 1434 1045 1472 οἱ
1077 1433 1150 1482 μὲν
1179 1433 1312 1472 τοίνυν
1342 1438 1464 1472 πλου-

132 1499 322 1538 σιώτατοι
356 1502 684 1551 τριηραρχοῦντες
719 1499 780 1539 ἀεὶ
816 1502 895 1538 τῶν
931 1502 1131 1551 χορηγιῶν
1159 1499 1312 1540 ἀτελεῖς
1341 1498 1463 1550 ὑπάρ-

131 1582 288 1618 χουσιν,
316 1567 352 1605 οἱ
378 1564 410 1604 δ’
437 1565 587 1605 ἐλάττω
612 1569 690 1605 τῶν
717 1567 862 1605 ἱκανῶν
889 1565 1130 1616 κεκτημένοι,
1151 1565 1221 1615 τὴν
1247 1566 1466 1617 ἀναγκαίαν

132 1631 316 1672 ἀτέλειαν
364 1632 539 1684 ἔχοντες,
585 1631 660 1683 ἔξω
702 1635 770 1671 τοῦ
811 1631 950 1673 τέλους
994 1633 1072 1672 εἰσὶ
1119 1633 1271 1672 τούτου·
1326 1632 1465 1672 οὐκοῦν

131 1698 280 1738 τούτων
304 1701 378 1749 μὲν
403 1698 619 1750 οὐδετέρων
645 1699 771 1740 οὐδεὶς
797 1700 860 1739 διὰ
883 1699 953 1739 τὸν
979 1700 1098 1750 νόμον
1123 1699 1217 1750 ἡμῖν
1242 1698 1464 1751 προσέσται

132 1766 318 1818 χορηγός.
389 1766 496 1805 ἀλλὰ
533 1765 579 1816 νὴ
612 1765 678 1806 Δί’
712 1767 767 1808 εἷς
797 1767 867 1807 τὰς
896 1769 973 1805 τῶν
1003 1767 1195 1816 μετοίκων
1224 1766 1463 1822 λῃτουργίας

95 1849 109 1879 ,-
132 1833 307 1873 εἰσποιεῖ
318 1833 506 1873 πολλούς.
548 1832 640 1872 ἀλλ’
658 1834 727 1872 ἐὰν
743 1831 851 1888 δείξῃ
869 1832 999 1879 πέντε,
1019 1833 1097 1884 ἐγὼ
1113 1837 1249 1885 ληρεῖν
1264 1834 1460 1884 ὁμολογῶ.

133 1897 244 1949 θήσω
277 1899 408 1940 τοίνυν
445 1900 523 1951 ἐγὼ
558 1899 610 1950 μὴ
641 1902 818 1939 τοιοῦτον
851 1899 952 1940 εἶναι
983 1903 1113 1945 τοῦτο,
1152 1901 1258 1940 ἀλλὰ
1289 1900 1351 1939 καὶ
1382 1903 1461 1939 τῶν

1024 1967 1034 1980 θ

131 1967 325 2016 μετοίκων
361 1966 550 2007 πλείονας
586 1963 608 2015 ἢ
646 1966 873 2011 τοσούτους,
910 1968 978 2007 ἐὰν
1016 1983 1036 2005 ο
1069 1967 1189 2017 νόμος
1226 1969 1332 2023 τεθῇ,
1370 1965 1461 2007 τοὺς

180 2085 191 2105 1
213 2075 314 2114 νόμος,
332 2074 440 2116 οὗτος]
460 2075 616 2106 distinxit
633 2074 675 2105 G.
696 2074 738 2105 H.
762 2074 936 2110 Schaeser,
958 2075 998 2105 cf.
1022 2078 1035 2112 ξ
1056 2076 1115 2104 26:
1142 2075 1235 2114 νόμος
1253 2075 1332 2106 secl.
1353 2075 1463 2106 Cobet

132 2128 151 2158 3
175 2118 212 2156 ἧς
229 2120 268 2151 ἄν
283 2132 368 2151 τινος
386 2120 452 2157 (vel
469 2119 655 2157 ἡσάντινος)
676 2117 699 2148 S
714 2118 739 2148 L
752 2118 782 2148 Y
794 2118 824 2148 O
840 2118 887 2148 P:
911 2117 1042 2155 ἧστινος
1057 2120 1095 2150 ἂν
1108 2118 1158 2148 A:
1186 2119 1381 2156 ἡστινοσοῦν
1399 2118 1422 2149 F
1438 2118 1463 2148 L

132 2172 216 2193 corr.
385 2173 404 2201 4
438 2162 550 2203 ἐξέλῃς
580 2161 747 2192 Dindorf:
779 2163 818 2193 ἂν
843 2162 954 2203 ἐξέλῃς
979 2161 1194 2192 SLAYO:
1226 2164 1264 2193 ἂν
1288 2162 1412 2204 ἀφέλῃς
1439 2162 1464 2192 F

135 2216 147 2234 1
158 2215 170 2234 Ι
197 2207 234 2237 ’ὃν
247 2210 323 2244 post
333 2207 372 2238 ἂν
382 2205 458 2237 add.
475 2206 504 2235 Α
519 2205 548 2235 Y
563 2205 613 2235 O:
639 2215 704 2236 om.
724 2205 748 2235 S
764 2204 788 2234 L
801 2204 826 2235 F
977 2215 1012 2243 17
1038 2207 1089 2236 καὶ
1102 2204 1381 2246 Ἀριστογείτονος
1395 2215 1461 2236 om.

133 2248 210 2279 SlA
224 2248 259 2278 P¹
273 2248 339 2287 Q¹3
370 2250 431 2279 sed
456 2248 497 2280 cf.
519 2250 557 2285 ἐξ
576 2259 627 2287 29,
651 2258 718 2288 127.
743 2258 826 2287 159;
854 2248 973 2279 eadem
992 2248 1136 2278 varietas
1159 2249 1191 2278 in
1215 2249 1274 2278 xix
1292 2249 1367 2287 280,
1388 2249 1462 2280 loco

132 2297 245 2322 tamen
271 2302 338 2322 non
363 2291 465 2332 plane
489 2291 588 2322 simili
756 2302 794 2331 19
827 2289 962 2332 ἀφήσει]
990 2291 1064 2321 sort.
1087 2292 1268 2330 legendum
1294 2292 1463 2331 ἀφήσομεν

131 2335 272 2370 (excidit
295 2349 388 2375 -ομεν
411 2341 492 2366 ante
516 2337 546 2367 οἱ
567 2335 640 2375 μὲν)
808 2344 847 2373 27
881 2336 928 2366 ἀεὶ
953 2339 1029 2374 post
1054 2335 1128 2367 τοὺς
1151 2335 1227 2366 add.
1248 2334 1363 2375 vulg.:
1393 2346 1461 2367 om.

1498 124 1618 180 [462]

1499 230 1618 284 [462]

1504 296 1544 329 17

1503 569 1544 603 18

1500 1308 1542 1344 19

1495 1777 1541 1802 20

1494 1896 1613 1951 [463]
