1737 2734
130 874 165 895 10

121 1542 159 1563 20

190 150 275 191 xx1i
614 153 768 191 ΚΑΤΑ
819 153 1092 191 ΜΕΙΔΙΟΤ

267 192 275 203 A

187 261 270 298 θεῖν
299 257 370 307 τὴν
403 258 592 308 στρατιὰν
623 257 767 307 ταύτην
797 257 844 312 τῇ
875 257 1003 297 πόλει·
1042 257 1105 296 καὶ
1138 255 1209 306 τὴν
1238 256 1442 308 λοιδορίαν
1470 254 1519 305 ἢν

187 323 421 375 ἐλοιδορήθη
455 325 633 378 Κρατίνῳ
665 324 753 375 περὶ
783 325 945 369 τούτων,
976 327 1030 378 τῷ
1063 327 1143 368 νῦν,
1177 323 1228 365 ὡς
1263 323 1340 375 ἐγὼ
1371 322 1516 362 πυνθά-

186 408 315 441 νομαι,
346 390 538 440 μέλλοντι
567 392 732 441 βοηθεῖν
764 390 878 444 αὐτῷ,
910 389 1127 441 μέμνησθε.
1200 389 1268 429 τὸν
1299 389 1345 439 δὴ
1375 390 1515 429 τοσού-

186 475 267 499 τοις
307 457 465 508 ἁθρόοις
506 461 584 497 τῶν
620 461 794 497 πολιτῶν
830 458 978 510 ἔχθραν
1014 456 1076 497 ἐπ’
1113 456 1242 496 οὐδενὶ
1278 455 1518 506 τηλικαύτην

186 524 382 575 ἀράμενον
412 524 519 579 πόσῃ
550 524 717 577 πονηρίᾳ
747 525 809 564 καὶ
840 524 1056 575 θρασύτητι
1084 527 1207 563 ταῦτα
1237 522 1313 576 χρὴ
1344 523 1518 573 νομίζειν

186 591 392 641 πράττειν;
433 591 558 630 καίτοι
587 590 718 642 πότερ’
749 591 851 630 εἰσὶν
882 593 1044 636 ὄνειδος,
1075 587 1104 630 ὦ
1136 591 1294 635 Μειδία,
1326 595 1373 646 τῇ
1401 590 1517 630 πόλει

186 659 222 697 οἱ
252 657 465 708 διαβάντες
496 659 538 697 ἐν
569 657 677 708 τάξει
708 658 770 698 καὶ
801 657 872 706 τὴν
904 657 1049 707 σκευὴν
1075 657 1236 710 ἔχοντες
1266 655 1314 706 ἦν
1340 659 1517 707 προσῆκε

185 724 275 766 τοὺς
305 725 370 764 ἐπὶ
396 724 485 766 τοὺς
512 725 722 774 πολεμίους
753 723 930 775 ἐξιόντας
959 725 1022 764 καὶ
1052 722 1410 774 συμβαλουμένους
1434 726 1518 765 τοῖς

187 790 424 843 συμμάχοις,
450 787 473 840 ἢ
495 791 545 831 σὺ
571 792 591 829 ὁ
614 793 711 842 μηδὲ
737 795 879 844 λαχεῖν
905 791 1119 844 εὐχόμενος
1143 793 1221 830 τῶν
1248 789 1434 840 ἐξιόντων
1459 789 1517 830 ὅτ’

186 859 366 910 ἐκληροῦ,
394 857 463 898 τὸν
487 858 646 910 θώρακα
679 858 712 897 δ’
739 858 981 898 οὐδεπώποτ’
1009 858 1131 903 ἐνδύς,
1161 856 1222 898 ἐπ’
1248 856 1456 908 ἀστράβης
1483 857 1516 897 δ’

185 925 400 978 ὀχούμενος
426 926 596 977 ἀργυρᾶς
615 927 684 975 τῆς
710 924 756 975 ἐξ
775 925 963 976 Εὐβοίας,
991 925 1183 978 χλανίδας
1210 926 1250 964 δὲ
1278 923 1339 963 καὶ
1366 925 1515 974 κυμβία

186 993 248 1031 καὶ
283 991 421 1034 κάδους
457 992 574 1044 ἔχων,
610 992 664 1032 ὧν
699 991 1020 1043 ἐπελαμβάνονθ’
1054 993 1090 1031 οἱ
1127 991 1513 1043 πεντηκοστολόγοι,-

183 1062 306 1098 ταῦτα
330 1061 404 1111 γὰρ
430 1060 485 1100 εἰς
510 1059 601 1101 τοὺς
631 1059 798 1101 ὁπλίτας
827 1059 928 1109 ἡμᾶς
958 1057 1252 1110 ἀπηγγέλλετο·
1289 1057 1335 1097 οὐ
1360 1059 1434 1109 γὰρ
1460 1059 1515 1100 εἷς

183 1125 325 1165 ταύτὸν
367 1126 478 1176 ἡμεῖς
517 1126 669 1167 τούτοις
705 1125 906 1176 διέβημεν.
979 1126 1075 1171 εἶτα,
1115 1126 1152 1165 εἴ
1185 1124 1223 1163 σ’
1261 1125 1325 1164 ἐπὶ
1362 1124 1514 1166 τούτοις

183 1193 372 1244 ἔσκωψεν
401 1192 619 1246 Ἀρχετίων
649 1192 673 1242 ἤ
702 1210 760 1235 τις
794 1193 931 1238 ἄλλος,
967 1192 1116 1232 πάντας
1149 1191 1338 1242 ἤλαυνες;
1377 1192 1410 1231 εἰ
1443 1194 1514 1242 μὲν

182 1262 257 1311 γὰρ
283 1260 430 1301 ἐποίεις
459 1259 580 1305 ‘rai-1²,
608 1257 637 1299 ὦ
665 1261 823 1305 Μειδία,
854 1260 878 1299 ἃ
909 1258 958 1299 σέ
987 1264 1116 1310 φασιν
1145 1260 1182 1299 οἱ
1213 1261 1423 1300 συνιππεῖς
1452 1259 1512 1298 καὶ

183 1327 410 1378 κατηγόρεις
434 1326 485 1368 ὡς
509 1326 667 1378 λέγοιεν
692 1326 781 1378 περὶ
806 1329 892 1373 σοῦ,
921 1327 1079 1367 δικαίως
1110 1329 1235 1366 κακῶς
1259 1324 1411 1375 ἤκουες·
1451 1325 1514 1365 καὶ

181 1395 256 1444 γὰρ
284 1394 458 1435 ἐκείνους
490 1393 553 1433 καὶ
582 1394 766 1434 τουτουσὶ
798 1395 859 1433 καὶ
895 1394 994 1443 ὅλην
1023 1392 1094 1441 τὴν
1123 1393 1242 1432 πόλιν
1272 1391 1418 1441 ἠδίκεις
1449 1392 1512 1432 καὶ

181 1461 440 1516 κατῄσχυνες.
512 1461 546 1501 εἰ
578 1462 619 1500 δὲ
655 1460 707 1510 μὴ
742 1460 947 1501 ποιοῦντός
981 1476 1055 1499 σου
1089 1458 1376 1508 κατεσκεύαζόν
1407 1475 1510 1500 τινες

181 1527 524 1578 καταψευδόμενοί
548 1544 634 1572 σου,
657 1529 693 1567 οἱ
719 1529 759 1567 δὲ
785 1527 919 1567 λοιποὶ
944 1530 1021 1566 τῶν
1041 1529 1294 1577 στρατιωτῶν
1314 1525 1382 1565 οὐκ
1409 1526 1507 1566 ἐκεί·

178 1610 260 1635 νοις
286 1595 492 1644 ἐπετίμων,
515 1594 621 1633 ἀλλὰ
642 1594 707 1634 σοὶ
728 1593 954 1647 ἐπέχαιρον,
975 1595 1097 1643 δῆλον
1122 1593 1182 1632 ὅτι
1207 1594 1250 1632 ἐκ
1275 1595 1353 1633 τῶν
1372 1591 1509 1632 ἄλλων

177 1661 231 1700 ὧν
270 1659 356 1710 ἔζης
398 1660 506 1711 ἄξιος
548 1661 680 1702 αὐτοῖς
723 1661 869 1701 ἐδόκεις
911 1659 1011 1700 εἶναι
1048 1663 1117 1699 τοῦ
1155 1658 1299 1699 τοιαῦτ’
1338 1659 1506 1699 ἀκούειν·

178 1726 325 1767 σαυτὸν
354 1727 422 1768 οὖν
450 1727 711 1779 μετριώτερον
741 1728 862 1780 ἐχρῆν
891 1725 1094 1779 παρέχειν,
1126 1725 1193 1766 οὐκ
1222 1727 1394 1767 ἐκείνους
1422 1728 1504 1766 δια-

175 1793 361 1843 βάλλειν.
434 1794 485 1834 σὺ
527 1794 560 1833 δ’
598 1795 774 1835 ἀπειλεῖς
812 1797 949 1839 πᾶσιν,
987 1793 1166 1835 ἐλαύνεις
1205 1792 1368 1833 πάντας·
1417 1792 1507 1834 τοὺς

219 1914 238 1933 2
263 1908 307 1944 τῷ
325 1906 380 1935 νῦν
397 1905 471 1935 add.
492 1904 516 1934 S
533 1908 602 1934 ant.
621 1914 663 1934 m.
772 1906 787 1940 ξ
810 1913 869 1942 133
895 1904 998 1935 καίτοι
1018 1928 1024 1935 .
1044 1927 1051 1934 .
1071 1927 1078 1934 .
1101 1906 1116 1940 ᾧ
1139 1912 1199 1941 134
1220 1904 1357 1940 ἤλαυνες
1375 1905 1383 1919 ‘
1398 1902 1504 1934 obelis

176 1953 310 1978 notatae
328 1953 407 1978 sunt
425 1948 458 1978 in
478 1948 500 1978 S
517 1959 523 1986 ;
550 1948 582 1977 in
602 1947 628 1977 B
647 1948 881 1978 tantummodo
905 1957 1009 1986 usque
1032 1947 1074 1977 ad
1094 1952 1280 1977 extremam
1301 1949 1316 1983 ξ
1340 1956 1399 1985 133
1416 1947 1502 1977 obeli

175 1992 366 2029 pertinent:
390 1991 487 2022 simil.
504 1992 536 2021 in
554 1991 589 2028 F,
603 1991 664 2021 sed
677 1990 720 2020 ibi
738 1991 981 2030 posterioribus
995 1991 1036 2020 vii
1052 1991 1205 2020 versibus
1218 1989 1318 2029 obeli,
1336 1990 1504 2029 prioribus

174 2035 218 2064 vii
238 2037 353 2067 διπλαῖ
366 2034 583 2074 ὠβελισμέναι
600 2033 782 2073 appictae‚'
802 2034 901 2065 Blass
1043 2044 1064 2073 9
1087 2033 1168 2073 μηδὲ
1186 2036 1304 2073 λαχεῖν
1321 2033 1410 2072 vulg.
1428 2045 1434 2064 :
1458 2035 1502 2072 μὴ

173 2081 291 2117 λαχεῖν
319 2078 356 2108 S¹
384 2079 476 2109 solus
628 2088 662 2108 11
702 2080 838 2119 αρ’γυρᾶς
866 2080 925 2115 τῆς
954 2081 987 2118 εξ
1015 2081 1142 2113 ευβοιας
1172 2077 1205 2114 S,
1237 2076 1417 2107 Helladius
1445 2087 1500 2116 ap,

175 2121 343 2160 photium,
363 2122 404 2153 cs.
427 2126 440 2158 ξ
465 2124 523 2160 164
539 2133 546 2152 z
571 2121 744 2163 Ἀργούρας
760 2123 820 2158 τῆς
838 2124 871 2162 ἐξ
887 2122 1022 2157 Εὐβοίας
1042 2121 1071 2150 Y
1084 2121 1113 2150 O
1128 2120 1152 2150 P
1168 2131 1175 2151 ε
1201 2122 1234 2160 ἐξ
1251 2119 1423 2161 Ἀργούρας
1443 2123 1502 2157 τῆς

173 2166 309 2200 Εὐβοίας
325 2165 444 2204 AFB,
466 2165 666 2201 Herodian.,
691 2165 850 2202 Macrob„
880 2164 1050 2203 Harpocr.
1077 2174 1141 2195 s.v.
1167 2163 1340 2203 ἀστράβη;
1365 2165 1502 2205 ἀργυρᾶς

172 2209 252 2239 secl.
281 2209 434 2239 Dindorf.
483 2209 660 2247 Duplicem
686 2208 876 2246 lectionem,
905 2209 999 2238 cuius
1022 2207 1161 2238 alteram
1189 2207 1213 2236 S
1238 2207 1377 2236 alteram
1402 2207 1502 2238 habet

171 2251 200 2280 A
216 2252 249 2287 F,
274 2258 503 2291 pervetustam
529 2253 630 2282 fuisse
655 2253 736 2282 satis
761 2252 863 2291 liquet
885 2252 943 2291 (cf.
966 2251 1071 2282 schol.
1098 2261 1152 2290 pp.
1176 2252 1251 2288 617,
1275 2252 1338 2288 26;
1362 2251 1436 2289 618,
1464 2251 1499 2290 3)

175 2304 210 2333 14
237 2296 306 2327 εἶτα
328 2301 355 2327 εἶ
378 2296 408 2327 (τ’
427 2319 434 2327 .
461 2320 468 2328 .
497 2320 503 2326 .
531 2297 677 2336 ἔσκωψεν
695 2294 807 2334 vulg:
833 2295 903 2327 εἶτα
926 2296 954 2326 εἰ
975 2295 1006 2326 α’
1025 2317 1032 2325 .
1060 2317 1067 2325 .
1095 2318 1102 2325 .
1129 2297 1328 2334 εισκωψομεν
1346 2293 1370 2324 S
1387 2294 1501 2325 solus:

171 2338 241 2370 εἶτα
262 2338 305 2371 εἷς
323 2341 374 2371 ἐπὶ
401 2365 407 2371 .
433 2363 439 2369 .
467 2363 473 2370 .
501 2340 646 2378 ἔσκωψεν
665 2339 687 2369 S
705 2352 757 2379 γρ.
775 2350 781 2369 :
806 2339 875 2371 εἶτα
897 2339 947 2370 ἐπὶ
972 2338 1099 2370 τούτοις
1122 2340 1153 2370 εἴ
1173 2338 1202 2369 α’
1222 2339 1367 2377 ἔσκωψεν
1384 2337 1499 2368 Weil:

170 2382 224 2412 εἶθ’
242 2381 286 2414 εἷς
310 2406 317 2413 .
343 2406 350 2413 .
379 2405 386 2412 .
414 2385 445 2414 εἴ
459 2383 489 2414 ‹r'
509 2384 654 2423 ἔσκωψεν
673 2382 770 2412 Blass

1549 151 1658 207 [558]

1551 607 1616 642 133

1549 1138 1615 1173 134

1539 1725 1652 1779 [559]

1542 1807 1604 1842 135
