1737 2734
150 161 272 216 xxm]
466 163 595 204 KAT’
639 165 1154 203 ΑΡΙΣΤΟΚΡΑΤΟὙΣ
1509 164 1626 219 [623]

148 271 252 321 παρὰ
280 269 369 311 τοὺς
405 270 560 321 νόμους,
595 269 643 310 ἄν
679 286 715 310 τι
741 269 859 326 πάθῃ,
894 270 1084 321 τιμωρίαν
1117 269 1220 323 αὐτῷ
1252 267 1475 314 δεδωκέναι,

147 336 253 377 ταῦτ’
278 335 326 377 ἂν
344 336 416 387 ἤδη
436 336 572 389 λέγειν
592 336 689 389 πρὸς
714 338 812 387 ὑμᾶς
837 337 1083 389 ἐπεχείρουν,
1106 335 1155 376 ἵν’
1176 336 1302 385 εἰδῆτε
1323 338 1478 375 πολλοῦ

146 406 228 444 δεῖν
253 403 362 454 ἄξιον
381 405 476 444 ὄντα
500 408 635 457 τυχεῖν
655 407 722 444 τοῦ
742 405 1007 456 ψηφίσματος
1027 402 1146 444 αὐτὸν
1166 403 1332 442 τουτουί.
1393 402 1477 442 νυνὶ

146 470 178 510 δ’
204 470 338 522 ἕτερον
363 471 503 510 τούτου
527 471 661 521 μεῖζον
691 472 755 510 διὰ
783 473 850 510 τοῦ
880 471 1147 522 ψηφίσματος
1177 468 1262 508 ἔστ’
1293 469 1474 520 ἀδίκημα,

109 556 124 586 5
146 536 166 577 ὃ
191 539 252 577 δεῖ
274 537 465 589 πρότερον
491 537 552 576 καὶ
578 539 717 587 μαθεῖν
742 537 841 587 ὑμᾶς
868 537 930 576 καὶ
956 535 1226 588 φυλάξασθαι.

212 603 385 656 Ἀνάγκη
423 606 463 644 δὲ
501 604 588 644 ἐστὶ
621 608 777 655 πρῶτον
811 602 997 643 ἁπάντων
1030 604 1155 643 εἰπεῖν
1189 603 1251 642 καὶ
1283 601 1407 653 δεῖξαι
1439 603 1479 642 τί
1507 609 1527 643 8

145 670 230 711 ποτ’
267 671 353 710 ἐστὶ
389 670 433 710 τὸ
463 671 717 722 Χερρόνησον
753 672 850 721 ὑμᾶς
881 670 1079 722 ἀσφαλῶς
1109 670 1216 722 ἔχειν
1250 670 1474 719 πεποιηκός·

145 738 209 777 διὰ
228 739 304 790 γὰρ
322 741 391 777 τοῦ
408 740 548 787 μαθεῖν
567 740 682 777 τοῦτο
707 737 771 776 καὶ
797 737 990 787 τάδίκημα
1016 740 1157 788 σαφῶς
1181 738 1351 788 ὄψεσθε.
1390 736 1477 776 ἔστι

144 804 290 850 τοίνυν,
312 802 340 844 ὦ
365 803 504 851 ἄνδρες
530 804 745 854 Ἀθηναῖοι,
768 807 895 849 τοῦτο,
917 803 962 843 τὸ
985 802 1299 853 τελευτήσαντος
1326 803 1476 844 Κότυος

87 889 125 910 10
147 870 375 922 Βηρισάδην
402 870 464 910 καὶ
491 870 712 922 Ἀμάδοκον
734 871 796 911 καὶ
819 869 1141 922 Κερσοβλέπτην
1161 873 1263 921 τρεῖς
1282 868 1368 910 ἀνθ’
1389 869 1476 911 ε’νὸς

144 937 332 989 γενέσθαι
358 936 517 992 Θρᾴκης
551 937 765 988 βασιλέας·
804 936 1042 988 συμβέβηκε
1067 938 1141 988 γὰρ
1167 938 1208 976 ἐκ
1234 937 1373 976 τούτου
1406 938 1471 976 αὑ-

143 1008 224 1046 τοῖς
248 1007 319 1055 μὲν
345 1003 586 1046 ἀντιπάλους
617 1004 716 1044 εἶναι
747 1004 919 1049 τούτους,
948 1005 1046 1054 ὑμᾶς
1076 1003 1109 1043 δ’
1139 1001 1386 1056 ὑπέρχεσθαι
1412 1003 1474 1043 καὶ

144 1070 386 1122 θεραπεύειν.
457 1074 573 1111 τοῦτο
601 1072 745 1117 τοίνυν,
773 1069 802 1110 ὦ
827 1070 964 1121 ἄνδρες
989 1069 1204 1120 Ἀθηναῖοι,
1232 1070 1476 1120 βουλόμενοί
1502 1083 1525 1118 9

143 1153 247 1179 τινες
283 1141 445 1183 παῦσαι,
488 1137 550 1177 καὶ
588 1141 807 1177 καταλῦσαι
841 1139 914 1187 μὲν
947 1136 1038 1178 τοὺς
1071 1136 1224 1189 ἑτέρους
1256 1136 1470 1187 βασιλέας,

85 1221 120 1252 15
143 1207 382 1255 παραδοῦναι
408 1204 440 1244 δ’
461 1204 518 1245 ἑνὶ
544 1207 597 1258 τῷ
619 1202 912 1260 Κερσοβλέπτῃ
938 1203 1009 1253 τὴν
1035 1203 1162 1257 ἀρχὴν
1187 1203 1361 1249 ἅπασαν,
1389 1206 1469 1243 δια-

143 1269 384 1322 πράττονταί
412 1276 534 1323 σφισι
564 1274 677 1310 τοῦτο
707 1270 897 1323 γενέσθαι
920 1270 965 1310 τὸ
995 1271 1291 1323 προβούλευμα,
1318 1274 1370 1324 τῷ
1399 1272 1471 1321 μὲν

143 1337 308 1377 ἀκοῦσαι
333 1337 629 1390 κεχωρισμένον
653 1340 720 1377 τοῦ
744 1354 782 1377 τι
807 1340 982 1378 τοιοῦτον
1008 1340 1137 1378 δοκεῖν
1162 1336 1467 1389 διαπράξασθαι,

142 1407 196 1458 τῷ
221 1403 254 1443 δ’
280 1404 381 1458 ἔργῳ
407 1404 566 1445 πάντων
590 1403 769 1455 μάλιστα
798 1407 913 1444 τοῦτο
938 1404 1203 1456 περαίνοντες,
1231 1404 1282 1445 ὡς
1307 1405 1385 1456 ἐγὼ
1411 1407 1466 1444 δι-

141 1469 258 1521 δάξω.
319 1470 453 1520 ἐπειδὴ
474 1473 549 1523 γὰρ
575 1471 662 1513 ἑνὸς
687 1469 999 1521 τελευτήσαντος
1024 1474 1102 1511 τῶν
1119 1471 1330 1521 βασιλέων
1352 1474 1466 1523 Βηρι·
1502 1483 1545 1509 10

82 1554 120 1577 20
142 1536 276 1583 σάδου,
299 1539 484 1590 παραβὰς
507 1538 599 1580 τοὺς
623 1539 760 1590 ὅρκους
779 1539 843 1578 καὶ
867 1539 937 1579 τὰς
963 1536 1161 1587 συνθήκας
1186 1538 1231 1580 ἃς
1255 1537 1342 1588 μεθ’
1361 1539 1468 1589 ὑμῶν
1500 1535 1616 1591 [624]

141 1603 371 1655 ἐποιήσατο,
407 1603 724 1656 Κερσοβλέπτης
755 1603 943 1657 ἐξέφερεν
973 1605 1151 1655 πόλεμον
1179 1605 1278 1656 πρός
1307 1621 1349 1645 τε
1379 1604 1468 1646 τοὺς

141 1670 364 1723 Βηρισάδου
389 1673 530 1713 παῖδας
556 1671 618 1711 καὶ
644 1671 741 1723 πρὸς
775 1671 1009 1722 Ἀμάδοκον,
1037 1671 1204 1721 εὔδηλον
1229 1670 1276 1720 ἦν
1301 1672 1362 1711 ὅτι
1385 1675 1467 1713 τοῖς

137 1739 210 1787 μὲν
241 1737 463 1790 Βηρισάδου
492 1738 631 1778 παισὶν
660 1738 931 1790 Ἀθηνόδωρος
960 1737 1173 1789 βοηθήσοι,
1199 1742 1252 1793 τῷ
1282 1737 1315 1778 δ’
1343 1737 1464 1789 Ἀμα-

139 1803 240 1859 δόκῳ
265 1806 397 1855 Σίμων
417 1805 480 1845 καὶ
506 1804 672 1856 Βιάνωρ·
711 1805 732 1844 ὁ
755 1807 827 1856 μὲν
851 1807 927 1858 γὰρ
953 1804 1176 1857 Βηρισάδου
1202 1804 1407 1856 κηδεστής,
1430 1807 1466 1845 οἱ

80 1889 117 1921 ²5
139 1869 172 1911 δ’
198 1870 418 1922 Ἀμαδόκου
436 1872 667 1924 γεγόνασιν.
722 1872 919 1912 ἐσκόπουν
939 1872 1007 1912 οὖν
1032 1871 1104 1912 τίν’
1129 1871 1177 1912 ἂν
1202 1872 1348 1924 τρόπον
1367 1872 1462 1922 ἡσυ-
1500 1884 1537 1910 11

137 1938 232 1990 χίαν
256 1940 327 1988 μὲν
347 1938 455 1991 ἔχειν
476 1938 764 1990 ἀναγκασθεῖεν
784 1939 903 1984 οὗτοι,
932 1938 1087 1990 ἐρήμων
1107 1938 1139 1978 δ’
1160 1941 1285 1978 ὄντων
1305 1938 1465 1979 ἐκείνων

138 2004 159 2043 ὁ
196 2004 488 2061 Κερσοβλέπτῃ
525 2004 705 2056 πράττων
741 2005 812 2055 τὴν
848 2005 976 2058 ἀρχὴν
1010 2006 1236 2058 Χαρίδημος
1268 2006 1466 2057 ἀσφαλῶς

138 2069 267 2111 πάντα
296 2070 632 2123 καταστρέψαιτο.
703 2073 737 2112 εἷ
766 2075 923 2124 πρῶτον
947 2071 1032 2122 μέν,
1060 2071 1107 2112 ἄν
1132 2088 1191 2114 τις
1221 2070 1340 2111 αὐτὸν
1366 2071 1461 2112 ἀπο-

138 2138 282 2194 κτείνῃ,
303 2136 488 2190 ψήφισμ’
508 2137 697 2190 ὑμέτερον
715 2137 883 2190 γένοιτο,
906 2138 1108 2190 ἀγώγιμον
1128 2137 1242 2178 εἶναι·
1281 2138 1464 2188 δεύτερον

181 2255 200 2275 2
225 2247 331 2285 εἰδῆτε
349 2246 444 2277 codd.
463 2257 471 2276 τ
495 2245 604 2288 ᾔδειτε
623 2246 757 2277 Dobree
846 2247 866 2277 8
889 2247 1050 2285 τάδίκημα
1068 2246 1092 2277 S
1108 2257 1114 2276 :
1139 2248 1178 2279 τὸ
1196 2247 1334 2286 ἀδίκημα
1351 2247 1440 2286 vulg.
1456 2258 1462 2277 z

137 2289 339 2328 τάδικήματα
366 2289 396 2319 O
520 2290 536 2321 ὅ
564 2297 644 2330 φημι
674 2295 750 2329 post
777 2291 939 2329 τάδίκημα
965 2291 1041 2320 add.
1071 2290 1180 2329 vulg:
1217 2300 1282 2321 om.
1314 2290 1464 2321 SFYO

140 2341 177 2371 17
203 2333 444 2374 κεχωρισμένον
460 2333 579 2364 codd.:
603 2333 835 2374 κεχωρισμένοι
855 2333 1045 2364 Felicianus
1200 2342 1241 2371 23
1266 2334 1421 2372 βοηθήσει
1440 2333 1466 2364 F

137 2376 180 2405 26
202 2375 262 2414 μὲν
279 2385 343 2407 orn.
366 2376 389 2407 S
401 2375 431 2406 Y
444 2375 489 2406 Ο1
613 2377 655 2407 28
679 2382 759 2408 ante
776 2378 805 2409 ει·
821 2376 973 2408 lacunam
991 2381 1185 2408 statuerunt
1201 2377 1277 2407 edd.
1296 2377 1462 2417 nonnulli,

136 2418 198 2449 sed
214 2419 255 2450 cs.
276 2421 358 2458 523,
376 2419 434 2449 xix
452 2430 472 2457 4
