1737 2734
223 1032 267 1066 29

223 1766 268 1800 30

221 2031 261 2066 31

719 158 1203 196 ΔΗΜΟΣΘΕΝΟΤΣ
1506 155 1620 207 [Χκιν

294 256 444 307 γένηται
472 256 530 292 καὶ
562 255 594 292 εἴ
620 272 715 294 τινος
745 255 838 292 ἐνδεῖ
865 255 955 303 πρὸς
984 256 1030 291 τὰ
1062 254 1303 303 Παναθήναια
1332 255 1509 306 διοικηθῇ,
1539 256 1623 296 τοὺς

294 311 485 358 πρυτάνεις
510 310 593 348 τοὺς
616 311 680 357 τῆς
711 309 947 348 Πανδιονίδος
975 308 1125 345 καθίσαι
1152 308 1351 357 νομοθέτας
1380 311 1514 358 αὔριον,
1539 311 1623 350 τοὺς

296 364 333 401 δὲ
354 364 552 413 νομοθέτας
573 363 660 400 εἶναι
682 364 743 399 ’ἕνα
764 363 822 399 καὶ
842 363 984 413 χιλίους
1004 365 1042 399 ἐκ
1065 365 1135 399 τῶν
1163 363 1418 411 ὀμωμοκότων,
1441 380 1621 413 συννομο-

297 418 411 455 θετεῖν
431 418 470 455 δὲ
491 418 548 454 καὶ
569 418 635 465 τὴν
654 417 811 465 βουλήν.

364 546 635 598 Ἐνθυμήθητε
687 546 1087 598 ἀναγιγνωσκομένου
1140 550 1210 586 τοῦ
1257 548 1524 599 ψηφίσματος
1569 548 1659 598 ὡς5

297 618 487 666 τεχνικῶς
518 614 538 652 ὁ
568 612 733 665 γράφων
769 613 860 653 αὐτὸ
886 613 957 662 τὴν
989 615 1186 663 διοίκησιν
1217 614 1279 653 καὶ
1312 613 1356 653 τὸ
1389 616 1456 663 τῆς
1486 616 1622 665 ἑορτῆς

297 679 626 732 προστησάμενος
644 683 890 731 κατεπεῖγον,
911 681 1064 719 ἀνελὼν
1080 680 1147 720 τὸν
1160 681 1203 720 ἐκ
1220 684 1298 720 τῶν
1315 682 1445 730 νόμων
1461 682 1619 733 χρόνον,

296 747 410 789 αὐτὸς
431 747 609 798 ἔγραψεν
630 747 763 798 αὔριον
783 749 1021 795 νομοθετεῖν,
1045 747 1089 786 οὐ
1113 749 1167 797 μὰ
1194 746 1261 786 Δί’
1287 746 1359 800 οὐχ
1384 746 1432 787 ἵν’
1453 747 1503 789 ὡς
1529 747 1622 787 κάλ-

295 819 416 854 λιστα
436 813 592 865 γένοιτό
611 830 646 853 τι
665 817 743 852 τῶν
763 813 850 864 περὶ
870 812 941 862 τὴν
962 812 1102 865 ἑορτήν
1118 813 1222 862 (οὐδὲ
1242 814 1317 865 γὰρ
1337 812 1384 863 ἦν
1403 814 1622 854 ὑπόλοιπον

298 880 377 920 οὐδ’
404 881 625 930 ἀδιοίκητον
651 877 789 925 οὐδέν),
819 879 912 919 ἀλλ’
943 880 1007 919 ἵνα
1030 879 1082 930 μὴ
1114 879 1430 931 προαισθομένου
1454 880 1622 930 μηδενὸς

297 948 514 999 ἀνθρώπων
539 946 628 997 μηδ’
649 946 906 988 ἀντειπόντος
930 947 1061 996 τεθείη
1082 947 1143 986 καὶ
1160 947 1316 999 γένοιτο
1342 946 1471 998 κύριος
1491 947 1622 989 αὐτοῖς

296 1014 353 1053 ὅδ’
378 1015 399 1053 ὁ
424 1017 492 1054 νῦν
512 1013 800 1064 ἀγωνιζόμενος
820 1014 949 1063 νόμος.
1021 1012 1229 1065 τεκμήριον
1253 1011 1308 1053 δέ·
1353 1013 1622 1063 καθεζομένων

297 1083 371 1133 γὰρ
391 1085 468 1120 τῶν
487 1082 721 1130 νομοθετῶν,
745 1080 832 1130 περὶ
851 1082 923 1130 μὲν
941 1080 1102 1126 τούτων,
1125 1082 1192 1130 τῆς
1212 1079 1443 1130 διοικήσεως
1463 1080 1524 1120 καὶ
1544 1084 1623 1120 τῶν

299 1149 601 1197 Παναθηναίων,
630 1147 719 1186 οὔτε
743 1146 891 1198 χείρον’
919 1147 1008 1187 οὔτε
1033 1147 1183 1196 βελτίω
1213 1148 1335 1197 νόμον
1359 1145 1485 1186 οὐδέν’
1510 1145 1619 1197 εἰσή-

297 1232 435 1267 νεγκεν
465 1214 602 1258 οὐδείς,
629 1214 718 1264 περὶ
745 1213 776 1252 δ’
807 1214 860 1253 ὧν
895 1214 983 1254 οὔτε
1014 1213 1059 1253 τὸ
1088 1213 1271 1266 ψήφισμ’
1302 1213 1484 1254 ἐκέλευεν
1513 1214 1553 1253 οἵ
1578 1230 1622 1254 τε

297 1282 410 1331 νόμοι
436 1281 671 1326 κωλύουσιν,
697 1279 946 1332 Τιμοκράτης
976 1280 1112 1320 οὑτοσὶ
1144 1282 1240 1320 κατὰ
1264 1279 1423 1330 πολλὴν
1449 1280 1622 1333 ἡσυχίαν

296 1348 533 1398 ἐνομοθέτει,
557 1348 789 1399 κυριώτερον
813 1351 887 1397 μὲν
913 1349 1079 1398 νομίσας
1103 1347 1172 1387 τὸν
1199 1349 1240 1387 ἐκ
1265 1350 1332 1387 τοῦ
1356 1348 1622 1399 ψηφίσματος

295 1412 318 1464 ἢ
339 1415 406 1455 τὸν
433 1417 475 1454 ἐν
495 1418 577 1456 τοῖς
597 1415 731 1464 νόμοις
758 1413 961 1465 εἰρημένον
987 1415 1145 1467 χρόνον,
1167 1414 1246 1454 οὐδ’
1272 1415 1399 1454 ὁτιοῦν
1419 1416 1460 1454 δὲ
1485 1417 1619 1466 φοβη-

297 1483 376 1523 θεὶς
393 1484 426 1522 εἰ
443 1482 628 1522 ἁπάντων
647 1483 754 1531 ὑμῶν
771 1482 951 1532 ἀγόντων
969 1483 1204 1532 ἱερομηνίαν,
1225 1481 1286 1520 καὶ
1302 1482 1424 1531 νόμου
1443 1480 1621 1530 κειμένου

294 1548 384 1599 μήτ’
411 1550 487 1602 ἰδίᾳ
512 1547 609 1599 μήτε
640 1554 749 1604 κοινῇ
778 1550 902 1598 μηδὲν
932 1547 1134 1597 ἀλλήλους
1165 1549 1313 1588 ἀδικεῖν
1344 1549 1387 1587 ἐν
1418 1548 1542 1601 τούτῳ
1567 1551 1620 1602 τῷ

297 1616 439 1670 χρόνῳ,
461 1618 557 1665 μηδὲ
582 1615 835 1668 χρηματίζειν
856 1616 877 1653 ὅ
901 1632 937 1654 τι
958 1614 1005 1654 ἂν
1025 1614 1076 1664 μὴ
1098 1614 1185 1664 περὶ
1205 1617 1272 1664 τῆς
1292 1616 1428 1665 ἑορτῆς
1452 1613 1484 1670 ᾗ,
1507 1613 1621 1655 αὐτὸς

298 1683 370 1736 οὐχ
411 1684 479 1722 ἕνα
520 1682 589 1721 τὸν
624 1683 808 1734 τυχόντα,
848 1681 939 1721 ἀλλ’
979 1683 1076 1729 ὅλην
1112 1682 1255 1721 ἀδικῶν
1291 1679 1515 1732 φανήσεται
1550 1680 1621 1729 τὴν

296 1750 429 1789 πόλιν.
500 1750 626 1788 καίτοι
655 1752 736 1790 πῶς
761 1748 805 1787 οὐ
836 1749 975 1792 δεινόν,
1014 1748 1144 1788 εἰδότα
1168 1750 1240 1797 μὲν
1265 1748 1354 1789 τοὺς
1387 1748 1541 1798 νόμους,
1567 1748 1622 1787 ὧν

296 1817 419 1870 ὀλίγῳ
451 1816 641 1868 πρότερον
670 1814 814 1856 πάντες
849 1814 1056 1863 ἠκούσατε,
1086 1816 1236 1865 κυρίους
1269 1816 1397 1859 ὄντας,
1425 1815 1556 1854 εἰδότα
1588 1813 1620 1853 δ’

296 1883 363 1922 οὐκ
387 1882 501 1923 ἐῶνθ’
526 1883 659 1934 ἕτερον
685 1883 807 1931 νόμον
837 1881 1019 1933 ψήφισμ’
1052 1881 1178 1925 οὐδέν,
1206 1880 1285 1921 οὐδ’
1318 1881 1364 1920 ἂν
1391 1882 1554 1931 ἔννομον
1581 1879 1618 1935 ᾗ,

295 1951 413 1999 νόμου
441 1950 673 2002 κυριώτερον
703 1949 814 1994 εἶναι,
843 1948 998 2000 γράψαι
1026 1949 1087 1987 καὶ
1114 1950 1238 1987 θεῖναι
1264 1948 1385 1997 νόμον
1409 1949 1499 1997 ὑμῖν
1525 1948 1622 1986 κατὰ

294 2015 505 2069 ψήφισμα,
532 2016 552 2055 ὃ
581 2017 642 2056 καὶ
675 2015 770 2056 αὐτὸ
796 2017 900 2066 παρὰ
930 2015 1019 2056 τοὺς
1051 2015 1192 2065 νόμους
1227 2013 1431 2065 εἰρημένον
1455 2013 1558 2069 ᾔδει,·
1597 2010 1620 2062 ἢ

295 2087 376 2124 πῶς
396 2083 440 2122 οὐ
466 2083 657 2136 σχέτλιον
683 2083 754 2132 τήν
778 2085 851 2132 μὲν
876 2083 995 2121 πόλιν
1021 2078 1170 2132 [αὐτὴν]
1196 2080 1349 2134 ἑκάστῳ
1375 2081 1482 2131 ἡμῶν
1501 2082 1617 2119 δεδω-

293 2149 400 2190 κέναι
431 2150 563 2190 ἄδειαν
593 2154 660 2190 τοῧ
688 2148 739 2199 μή
772 2166 808 2188 τι
839 2151 978 2189 παθεῖν
1010 2150 1125 2198 ἀηδὲς
1150 2145 1172 2196 ἦ
1199 2147 1328 2187 δεινὸν
1353 2147 1541 2200 ἐντούτῳ
1567 2149 1619 2200 τῷ

339 2269 349 2288 Ι
379 2259 479 2299 ἐνδεῖ]
496 2262 632 2300 προσδεῖ
645 2258 675 2288 Α
814 2268 832 2296 5
858 2258 1093 2296 Ἐνεθυμήθητε
1113 2257 1211 2287 Wolf
1298 2254 1621 2297 ἀναγιγνωσκομένου

291 2303 371 2333 scel.
391 2302 494 2338 Weil,
515 2303 575 2333 sed
593 2302 633 2333 cf.
654 2302 711 2331 xlv
726 2313 768 2341 32
861 2312 877 2340 7
903 2302 1109 2341 κατεπείγειν
1126 2300 1157 2330 Α
1171 2300 1199 2330 Y
1214 2300 1244 2331 O
1344 2310 1380 2329 12
1405 2298 1621 2338 καθεζομένων

292 2346 322 2376 Λ
336 2347 386 2376 Y:
413 2345 625 2385 καθιζομένων
642 2346 746 2384 vulg„
766 2344 806 2375 cf.
829 2348 843 2381 ξ
863 2346 904 2374 26
1050 2354 1086 2383 13
1110 2343 1186 2383 μὲν]
1203 2343 1262 2383 μὲν
1280 2344 1317 2381 δὴ
1336 2343 1365 2372 Α
1379 2343 1407 2372 Y
1421 2343 1450 2372 O
1555 2345 1620 2374 τῶν

290 2389 523 2430 γεγραμμένων
540 2394 619 2419 ante
636 2389 760 2420 τούτων
777 2388 854 2419 add.
873 2388 961 2427 vulg.
977 2399 982 2419 z
1009 2398 1077 2419 om.
1097 2387 1120 2417 S
1135 2386 1174 2417 Ll
1355 2387 1396 2416 28
1421 2386 1521 2424 αὐτὴν
1537 2385 1618 2417 secl.

292 2434 455 2463 Schacser
561 2434 650 2472 ἡμῶν
668 2432 794 2472 ἑκάστῳ
814 2431 909 2462 Blass

1646 901 1682 923 10

1645 1233 1679 1265 15

1644 1568 1682 1589 20

1644 1899 1681 1929 ²5
