1737 2734
94 848 131 869 10

94 1389 131 1409 20

152 146 235 200 m]
568 149 730 186 ΚΑΤΑ
779 147 1054 185 ΜΕῙΔιοΎ

150 272 244 300 ιἐιν,
271 253 342 294 τίν’
374 254 464 304 ὑμῖν
490 252 683 304 προσήκει
714 254 819 304 παρὰ
849 252 986 292 τούτου
1016 255 1177 302 λαβεῖν,
1203 253 1272 290 τοῦ
1299 252 1479 301 φανερῶς

1512 143 1624 198 [544]

149 322 238 363 τοὺς
270 320 479 371 ὑμετέρους
509 321 652 370 νόμους
687 319 753 371 ἐφ’
790 319 905 370 ὕβρει
941 318 1282 370 παραβαίνοντος;
1335 317 1368 357 εἰ
1399 330 1478 381 VR?
1518 321 1521 323 ’

150 389 283 439 ἀτιμία
320 389 381 427 καὶ
416 387 546 437 νόμων
578 387 641 426 καὶ
671 389 788 426 δικῶν
823 387 886 426 καὶ
921 384 1080 425 πάντων
1114 383 1304 435 στέρησις
1329 384 1480 423 ἐκείνου

149 454 409 504 τάδικήματος
446 452 690 505 προσήκουσ’
726 453 838 493 ἐστὶν
875 453 974 502 δίκη,
1006 454 1076 501 τῆς
1099 451 1137 504 γ’
1175 452 1329 502 ὕβρεως
1361 451 1480 502 μικρὰ

150 521 316 563 θάνατος
351 521 548 573 φαίνεται.
621 521 728 560 ἀλλὰ
757 520 833 570 μὴν
868 519 919 560 ὡς
954 520 1082 569 ἀληθῆ
1114 517 1235 569 λέγω,
1269 515 1381 557 κάλει
1412 533 1480 567 μοι

149 590 298 628 τούτων
336 588 426 629 τοὺς
463 587 671 640 μάρτυρας,
714 587 776 627 καὶ
815 586 882 626 τὸν
919 590 996 626 τῶν
1033 588 1243 635 διαιτητῶν
1281 583 1480 636 ἀνάγνωθι

150 656 284 706 νόμον.

706 717 925 745 ΜΑΡΤΥΡΕΣ

218 777 473 826 Νικόστρατος
503 776 785 825 Μυρρινούσιος,
817 774 953 812 Φανίας
982 772 1195 820 Αφιὸναῖος
1226 771 1375 821 οἴδαμεν
1404 774 1481 819 Δη-

149 824 348 880 μοσθένην,
389 849 416 867 ω
452 832 719 898 μαρτυροῖμεν,
760 829 820 865 καὶ
858 827 1015 865 Μειδίαν
1053 827 1117 864 τὸν
1157 826 1368 875 κρινόμενον
1410 826 1481 863 ὑπὸ

151 885 470 933 Δημοσθένους,“
450 902 493 922 οτ
528 886 625 935 αὐτῷ
654 882 900 932 Δημοσθένης
927 883 1040 932 ἔλαχε
1069 882 1136 929 τὴν
1165 883 1230 918 τοῦ
1260 896 1482 930 κακηγοριου

150 939 262 987 δίκην,
287 939 420 987 ελομει
422 955 483 978 ους
503 938 690 987 διαιτητὴν
714 938 922 986 Στράτωνα,
945 936 1005 972 καὶ
1030 936 1110 973 ἐπεὶ
1135 934 1223 983 ἧκεν
1243 935 1266 982 ἡ
1288 934 1392 983 κυρία
1418 936 1482 971 τοῦ

150 993 275 1042 νόμου,
303 1011 368 1030 ουκ
397 993 663 1041 ἀπαντήσαντα
691 991 847 1029 ῙῊειδιαν
878 991 936 1028 ἐπὶ
1024 989 1213 1033 διαιταν,
1242 990 1343 1026 ἀλλὰ
1373 1005 1483 1026 κατα-

151 1047 318 1085 λιπόντα.
359 1047 557 1098 γενομένης
573 1046 611 1084 δὲ
632 1046 768 1096 ἐρήμου
785 1047 877 1083 κατὰ
893 1048 933 1081 Μ
997 1044 1007 1055 '
1028 1061 1059 1087 υ,
1078 1042 1308 1092 ἐπιστάμεθα
1325 1043 1482 1080 Μειδίαν

150 1101 322 1139 πείθοντα
343 1102 407 1138 τόν
426 1118 466 1138 τε
488 1101 684 1150 Στράτωνα
704 1101 768 1138 τὸν
788 1100 907 1148 διαιτη
937 1099 946 1111 x
1000 1098 1061 1135 καὶ
1080 1099 1186 1147 ἡμᾶς,
1209 1099 1315 1136 ὄντας
1336 1097 1483 1137 ἐκείνοις

151 1157 227 1195 τοῖς
254 1155 401 1205 χρόνοις
429 1157 620 1205 ἄρχοντας,
644 1155 740 1194 ὅπως
769 1154 835 1202 τὴν
864 1154 1004 1191 διαιταν
1034 1154 1131 1204 αὐτῷ
1156 1151 1482 1200 ἀποδιαιτήσομεν,

153 1210 212 1247 καὶ
242 1209 387 1247 διδοντα
418 1209 584 1260 δραχμας
617 1209 852 1258 πεντήκοντα,
885 1208 945 1245 καὶ
975 1207 1097 1255 ἐπειδη
1126 1223 1196 1257 οιχ
1226 1206 1480 1254 ὑπεμείναμεν,

150 1264 548 1313 προσαπειλήσαντα
530 1266 618 1312 ημῖν
639 1264 698 1300 καὶ
718 1264 831 1302 οὕτως
851 1262 1128 1312 ἀπαλλαγεντα.
1188 1261 1247 1297 καὶ
1268 1259 1326 1297 διὰ
1346 1261 1483 1308 ταύτην

150 1318 218 1366 τὴν
237 1318 355 1355 αἰτίαν
377 1318 607 1367 ἐπιστάμεθα
628 1318 826 1367 Στράτωνα
848 1318 919 1354 ὑπὸ
947 1315 1101 1354 Μειδίου
1128 1313 1482 1364 καταβραβευθέντα

152 1373 211 1410 καὶ
231 1374 332 1422 παρὰ
350 1373 471 1410 πάντα
490 1374 537 1410 τὰ
557 1372 677 1410 δίκαια
698 1369 950 1421 ἀτιμωθέντα.)

220 1484 323 1537 Λέγε
349 1484 394 1534 δὴ
423 1485 484 1525 καὶ
509 1484 578 1524 τὸν
603 1487 681 1524 τῶν
707 1486 915 1533 διαιτητῶν
941 1482 1075 1533 νόμον.

741 1610 899 1638 ΝΟΜΟΣ.

205 1667 341 1722 [Ἐὰν
323 1671 363 1707 οέ
377 1686 469 1709 τινες
488 1670 571 1718 περὶ
587 1669 834 1718 συμβολαίων
852 1667 948 1705 ἰδίων
963 1666 1053 1715 πρὸς
1073 1666 1264 1714 ἀλλήλοις
1284 1663 1485 1713 ἀμφισβη-

151 1728 244 1763 τῶσι
273 1725 332 1762 καὶ
359 1725 570 1773 βούλωνται
599 1723 787 1771 διαιτητὴν
815 1721 969 1759 ἑλέσθαι
995 1722 1168 1765 ὁντινουι,
1197 1718 1334 1763 ἐξεστω
1363 1719 1485 1757 αὐτοῖς

152 1779 336 1829 αἱρεῖσθαι
375 1778 416 1817 ὃν
453 1778 498 1816 ἂν
531 1778 744 1826 βουλωνται
781 1773 983 1828 [διαιτητὴν
1022 1771 1200 1825 deffleat}
1273 1772 1418 1810 ἐπειδὰν
1456 1771 1486 1809 δ’

153 1835 307 1872 ελωνται
328 1835 421 1871 κατὰ
442 1832 571 1878 κοινόι,
590 1831 801 1881 μενέτωσαν
823 1833 859 1868 ἐν
879 1832 955 1869 τοῖς
970 1830 1041 1867 ἱπὸ
1057 1830 1188 1866 τούτου
1209 1826 1483 1878 διαγνωσθεῖσι,

154 1889 213 1925 καὶ
241 1889 372 1937 μηκέτι
403 1887 715 1936 μεταφερέτωσαν
744 1886 816 1923 ἀπὸ
848 1885 979 1922 τούτου
1010 1882 1068 1931 ἐφ’
1097 1883 1219 1932 ἕτερον
1249 1881 1485 1929 δικαστήριοι

153 1943 268 1979 ταύτὰ
301 1942 529 1993 ἐγκλήματα,
566 1939 652 1977 ἀλλ
686 1941 782 1977 ἔστω
815 1957 862 1977 τα
897 1938 1064 1987 κριθέντα
1097 1938 1168 1975 ὑπὸ
1201 1953 1266 1974 του
1300 1935 1485 1983 διαιτητοῦ

154 1997 267 2045 κύρια.
260 1994 283 2046 .]

223 2100 348 2141 Κάλει
381 2100 426 2150 δὴ
459 2100 521 2140 καὶ
553 2099 622 2140 τὸν
656 2097 854 2150 Στράτων’
890 2097 1010 2138 αὐτὸν
1046 2097 1114 2137 τὸν
1147 2098 1194 2136 τὰ
1228 2098 1388 2136 τοιαῦτα
1418 2111 1484 2135 πε·

155 2169 342 2208 πονθότα·
380 2167 545 2208 ἑστάναι
570 2168 645 2218 γὰρ
672 2165 833 2217 ἐξέσται
861 2163 1055 2215 δήπουθεν
1081 2163 1198 2217 αὐτῷ.

221 2235 361 2279 Οὗτος,
397 2232 427 2274 ὦ
461 2234 600 2284 ἄνδρες
634 2232 851 2283 Ἀθηναῖοι,
886 2231 1007 2281 πένης
1039 2232 1112 2281 μὲν
1144 2232 1244 2271 ’ίο-ως
1276 2228 1401 2274 ἐστίν,
1439 2227 1484 2267 οὐ

199 2355 260 2384 2⁴5
285 2345 387 2375 verba
405 2346 433 2376 εἰ
447 2346 510 2385 γὰρ
527 2343 656 2383 ἀτιμία.
673 2368 678 2373 .
696 2367 702 2374 .
717 2342 866 2383 φαίνεται
885 2341 984 2372 obelo
1001 2345 1118 2372 notata
1135 2340 1169 2371 in
1187 2340 1210 2371 S
1225 2339 1250 2370 F
1340 2348 1380 2378 25
1405 2341 1483 2370 διαι-

155 2390 259 2426 τητὴν
283 2388 414 2420 ἑλέσθαι
438 2388 517 2418 secl.
552 2388 689 2426 Sauppe
779 2387 805 2418 δ’
832 2385 970 2417 ἕλωνται
997 2385 1148 2415 Reiske:
1175 2383 1359 2421 βούλωνται
1383 2383 1481 2413 codd.

156 2441 196 2470 27
219 2431 490 2472 μεταφερέτωσαν
507 2431 538 2461 Ο
556 2441 640 2461 corr.
658 2441 664 2459 :
689 2428 962 2471 καταφερέτωσαν
979 2433 1056 2459 cett.
1192 2436 1236 2465 30
1259 2427 1301 2458 τὰ
1317 2435 1383 2456 om.
1403 2425 1427 2456 S

201 2496 388 2525 DEMOSTH.,
406 2496 484 2517 vor„
504 2497 540 2517 11.
1332 2482 1353 2510 6

1514 1309 1622 1363 [545]

1513 1489 1559 1523 94

1514 2108 1556 2145 95
