1737 2734
151 140 271 195 xxm]
466 141 596 183 KAT’
640 144 1157 182 ΑΡΙΣΤΟΚΡΑΤΟὙΣ

437 285 636 313 ΨΗΦῙΣΜΑ.
684 284 917 313 ΕΠΙΣΤΟΛΑΙ.
968 285 1177 312 ΜΑΡἸὝΡῙΑ.

202 363 299 405 “Ort
326 366 399 414 μὲν
428 366 560 404 τοίνυν
591 365 652 404 καὶ
681 364 725 404 τὸ
753 368 923 416 πρῶτον,
952 364 997 403 οὗ
1027 368 1216 415 πολεμεῖν
1247 365 1336 415 ὑμῖν
1365 363 1472 419 ᾤετο,

144 430 265 472 ἐκεῖσ’
285 432 512 481 ἐμίσθωσεν
537 431 656 471 αὑτὸν
681 430 909 485 πολλαχόσ’
929 430 1084 472 ἄλλοσε
1108 433 1310 482 μισθῶσαι
1335 432 1472 483 παρόν,

145 498 207 538 καὶ
230 499 329 548 μετὰ
354 501 486 543 ταῦτα,
514 498 565 540 ὡς
589 498 700 537 οὐδὲν
720 499 804 538 ἐκεῖ
828 497 946 537 κακὸν
972 497 1056 550 εἶχε
1081 501 1209 538 ποιεῖν
1230 499 1339 548 ὑμᾶς,
1362 497 1476 538 ἔπλει

106 579 121 607 5
143 567 255 616 δεῦρο
273 563 396 605 πάλιν
416 565 460 604 οὗ
479 564 658 604 τάναντί’
680 564 825 615 ἔμελλε
844 563 1009 616 πράξειν
1029 570 1076 620 τῇ
1097 565 1225 610 πόλει,
1248 564 1310 604 καὶ
1334 568 1403 604 τοῦ
1422 564 1474 615 μὴ

85 912 123 934 10

86 1249 120 1279 1⁵

82 1580 120 1601 20

142 634 288 682 λαβεῖν
308 630 554 683 Ἀμφίπολιν
573 631 734 671 πάντων
754 631 866 672 οὗτος
892 631 1120 672 αἰτιώτατός
1146 632 1269 677 ἐστιν,
1291 631 1475 681 ἀκηκόατ’

143 699 185 737 ἐκ
217 700 286 747 τῆς
319 699 536 748 ἐπιστολῆς
570 698 632 738 καὶ
665 699 734 748 τῆς
763 698 988 749 μαρτυρίας.
1062 698 1124 737 καὶ
1155 699 1204 738 τὰ
1235 700 1307 748 μὲν
1340 701 1474 749 πρῶτα

141 763 288 804 τοιαῦτ’
308 764 419 804 ἐστὶν
443 768 521 804 τῶν
546 764 673 816 ἔργων
692 768 772 804 τῶν
792 763 1031 816 Χαριδήμου,
1052 766 1151 815 μετὰ
1169 768 1290 804 ταῦτα
1314 764 1348 804 δ’
1366 764 1474 804 ἄλλα

143 830 357 871 θεάσασθε.
427 832 573 883 χρόνου
604 833 681 883 γὰρ
713 831 939 872 διελθόντος
973 831 1034 870 καὶ
1067 835 1134 871 τοῦ
1169 830 1344 882 πολέμου
1377 831 1474 883 πρὸς

143 898 271 937 Κότυν
300 899 414 938 ὄντος
443 897 528 947 ἤδη,
561 896 707 948 πέμπει
736 897 832 950 πρὸς
861 899 960 948 ὑμᾶς
991 897 1211 948 ἐπιστολήν
1239 897 1411 948 (μᾶλλον
1439 898 1473 938 δ’

141 963 231 1017 οὐχὶ
261 963 357 1015 πρὸς
387 965 496 1014 ὑμᾶς,
525 964 630 1004 ἀλλὰ
656 963 753 1016 πρὸς
779 965 1074 1016 Κηφισόδοτον·
1113 965 1211 1004 οὕτω
1238 964 1382 1017 σφόδρ’
1408 965 1472 1005 ὑπ’

142 1029 259 1070 αὐτοῦ
283 1047 330 1082 γε
354 1030 435 1070 οὐδ’
454 1029 503 1071 ἂν
523 1029 815 1081 ἐξαπατηθῆναι
839 1031 911 1081 τὴν
929 1031 1048 1071 πόλιν
1066 1030 1213 1083 ἡγεῖτο,
1236 1033 1424 1074 συνειδὼς
1449 1033 1473 1072 ἃ

141 1095 369 1147 πεποίηκεν)
394 1098 436 1137 ἐν
461 1095 483 1153 ᾗ
508 1098 764 1149 Χερρόνησον
792 1097 994 1150 ὑπέσχετο
1017 1098 1064 1154 τῇ
1090 1099 1205 1138 πόλει
1235 1101 1470 1149 κομιεῖσθαι,

141 1162 269 1203 πάντα
304 1163 456 1204 τούτοις
492 1163 669 1204 τάναντί’
707 1165 888 1216 ἐγνωκὼς
923 1167 1061 1205 ποιεῖν.
1134 1167 1195 1205 δεῖ
1227 1164 1259 1205 δ’
1293 1166 1391 1216 ὑμᾶς
1426 1165 1472 1205 τὸ

141 1229 286 1282 πρᾶγμ’
306 1231 389 1269 οἷον
416 1229 461 1280 ἦν
486 1230 530 1270 τὸ
556 1230 643 1282 περὶ
667 1230 738 1280 τὴν
764 1231 982 1281 ἐπιστολὴν
1008 1232 1173 1271 ἀκοῦσαι
1191 1229 1269 1281 (καὶ
1288 1231 1362 1284 γάρ
1383 1233 1470 1272 ἐστι

139 1295 288 1350 βραχύ)
318 1296 380 1336 καὶ
413 1299 612 1349 θεωρῆσαι
644 1297 712 1337 τὸν
742 1298 889 1349 τρόπον
916 1298 1162 1350 τάνθρώπου,
1198 1298 1249 1340 ὡς
1281 1300 1371 1349 ὑμῖν
1403 1298 1471 1339 ἀπ’

141 1364 265 1416 ἀρχῆς
296 1362 493 1416 κέχρηται.
566 1365 715 1405 ἐκεῖνος
745 1364 797 1406 ὡς
826 1365 1048 1415 ἀπόμισθος
1073 1366 1249 1417 γίγνεται
1275 1367 1379 1416 παρὰ
1404 1369 1472 1406 τοῦ

139 1429 332 1481 Τιμοθέου
357 1431 460 1479 τότε,
489 1430 555 1471 ἀπ’
580 1430 864 1483 Ἀμφιπόλεως
889 1432 1118 1485 ἀναχωρῶν,
1146 1434 1288 1482 διαβὰς
1315 1434 1369 1473 εἰς
1397 1432 1470 1482 τὴν

140 1496 296 1542 Ἀσίαν,
328 1499 392 1536 διὰ
424 1497 495 1547 τὴν
529 1498 738 1549 σύλληψιν
768 1498 840 1548 τὴν
872 1497 1106 1553 Ἀρταβάζῳ
1141 1502 1360 1549 συμβᾶσαν
1388 1499 1469 1539 τόθ’

139 1563 204 1604 ὑπ’
222 1563 531 1616 Αὐτοφραδάτου
549 1567 690 1615 μισθοῖ
706 1564 751 1604 τὸ
771 1564 996 1616 στράτευμα
1017 1565 1078 1604 καὶ
1094 1564 1209 1605 αὑτὸν
1225 1570 1308 1608 τοῖς
1326 1566 1466 1617 Ἀρτα-

139 1629 265 1681 βάζου
282 1634 501 1681 κηδεσταῖς,
519 1632 661 1682 λαβὼν
680 1633 722 1671 δὲ
741 1632 896 1673 πίστεις
916 1632 979 1672 καὶ
999 1632 1100 1678 δούς,
1119 1631 1371 1684 ὀλιγωρήσας
1391 1636 1469 1673 τῶν

140 1698 265 1749 ὅρκων
292 1697 354 1737 καὶ
380 1699 565 1750 παραβὰς
595 1697 746 1744 αὐτούς,
775 1698 1017 1750 ἀφυλάκτων
1050 1701 1177 1739 ὄντων
1210 1699 1260 1741 ὡς
1291 1699 1339 1739 ἂν
1371 1699 1468 1752 πρὸς

140 1765 264 1816 φίλον
288 1769 366 1804 τῶν
393 1766 435 1804 ἐν
459 1765 505 1820 τῇ
531 1765 655 1818 χώρᾳ,
683 1765 982 1816 καταλαμβάνει
1007 1768 1164 1817 Σκῆψιν
1191 1767 1254 1806 καὶ
1279 1768 1469 1818 Κεβρῆνα

141 1830 341 1872 καὶἼλιον
357 1831 494 1871 αὐτῶν.
551 1831 740 1883 ἐγκρατὴς
760 1833 800 1872 δὲ
820 1833 969 1872 τούτων
984 1833 1197 1884 γενόμενος
1216 1836 1294 1873 τῶν
1313 1834 1468 1886 χωρίων

140 1897 285 1950 πρᾶγμ’
310 1899 453 1938 ἔπαθεν
472 1902 650 1938 τοιοῦτον
676 1899 760 1939 οἷον
779 1898 853 1951 οὐχ
872 1899 932 1939 ὅτι
952 1899 1173 1951 στρατηγὸς
1192 1899 1239 1939 ἂν
1264 1897 1469 1951 [ἠγνόησέ]

140 1981 198 2007 τις
224 1964 324 2005 εἶναι
343 1964 525 2017 φάσκων,
546 1964 637 2005 ἀλλ’
660 1964 739 2004 οὐδ’
760 1966 780 2004 ὁ
805 1966 936 2018 τυχὼν
961 1965 1178 2017 ἄνθρωπος.
1239 1966 1318 2006 οὐδ’
1338 1967 1467 2007 ὁτιοῦν

190 2084 199 2104 1
229 2079 447 2107 ΕΠΙΣΤΟΛΑΙ
468 2074 615 2104 Reiske:
642 2078 848 2107 ΕΠΙΣΤΟΛΗ
868 2075 964 2106 codd.
1141 2085 1160 2105 2
1184 2075 1384 2114 πολεμήσειν
1400 2074 1430 2105 Α
1443 2075 1468 2105 F

141 2128 227 2148 corr.
355 2119 376 2147 6
399 2119 528 2149 πάντων
546 2128 609 2148 om.
631 2117 662 2147 A
783 2127 799 2155 7
826 2119 876 2149 καὶ
894 2121 952 2150 τοῦ
968 2119 1177 2159 ψηφίσματος
1195 2123 1272 2157 post
1292 2120 1468 2157 ἐπιστολῆς

141 2161 216 2192 add.
236 2161 325 2200 vulg.
347 2172 353 2191 x
378 2171 441 2190 om,
461 2160 484 2190 S
499 2160 528 2190 Y
542 2161 572 2191 O
720 2170 742 2199 9
765 2161 907 2201 βραχέος
924 2166 1002 2192 ante
1017 2162 1201 2193 διελθόντος
1219 2163 1295 2192 add.
1315 2162 1367 2192 A:
1392 2167 1467 2201 post

141 2204 325 2236 διελθόντος
346 2204 411 2234 FO
428 2215 434 2233 :
458 2214 522 2234 om.
543 2204 566 2234 S
584 2203 627 2234 al.
835 2215 846 2234 1
858 2215 869 2234 1
898 2204 988 2245 οὐχὶ]
1008 2207 1042 2236 οὐ
1059 2205 1089 2235 Α
1249 2206 1299 2245 ὑφ’
1317 2208 1412 2236 αὑτοῦ
1426 2219 1467 2246 ’γε

144 2248 290 2284 Dobree,
316 2247 456 2285 Reiske‚
488 2248 565 2278 fort.
591 2251 682 2277 recte
846 2258 883 2277 12
915 2249 978 2280 οὐδ’
1006 2249 1126 2278 codd.:
1162 2250 1218 2279 οὐκ
1245 2249 1298 2278 vel
1327 2250 1468 2288 οὐδαμῶς

143 2291 279 2321 Dobree
295 2302 301 2321 :
327 2290 419 2322 οὐδὲν
437 2290 531 2321 Weil
715 2301 758 2321 20
780 2294 892 2330 μισθοῖ
906 2292 995 2329 vulg.
1011 2303 1018 2322 z
1042 2294 1157 2331 μισθοῦ
1176 2291 1209 2322 S¹
1225 2303 1231 2322 :
1257 2295 1425 2331 μισθοῦται
1443 2292 1467 2323 S

142 2344 226 2365 corr.
248 2335 277 2364 Y
291 2334 320 2363 Ο
427 2344 467 2363 22
492 2335 543 2366 καὶ
561 2335 706 2375 παραβὰς
723 2335 838 2366 αὐτοὺς
855 2335 933 2364 secl.
957 2334 1173 2365 Herwerden
1280 2345 1320 2373 24
1345 2335 1469 2367 τούτων

142 2382 221 2407 ante
247 2378 422 2418 ’γενόμενος
451 2378 505 2407 A:
541 2383 617 2416 post
644 2378 818 2418 ’γενόμενος
847 2378 871 2408 S
899 2378 989 2417 vulg.
1138 2387 1178 2416 25
1215 2379 1357 2418 ἠγνόησε
1386 2379 1465 2410 secl.

144 2421 276 2451 Dobree

187 2484 359 2506 mzmosrfl.
368 2501 375 2514 ‚
393 2485 470 2507 vm..
491 2486 525 2506 11.
1302 2478 1340 2508 13

1508 144 1627 198 [670]

1510 383 1572 418 152

1507 851 1571 886 153

1503 1849 1565 1886 155
