1737 2734
172 141 292 196 xm]
485 143 616 184 KAT’
659 145 1177 184 ΑΡΙΣΤΟΚΡΑΤΟΎΣ
1527 147 1648 203 [683]

168 249 365 302 ψήφισμα
398 251 505 291 τουτὶ
541 249 742 302 γενέσθαι,
776 250 901 302 λόγον
937 248 1063 290 οὐδέν’
1097 248 1360 300 ἐποιησάμην.
1419 250 1498 301 ἐγὼ

168 316 217 362 δ’,
237 314 268 356 ὦ
286 315 425 368 ἄνδρες
450 316 664 366 Ἀθηναῖοι,
685 316 781 368 πρὸς
800 318 900 367 ὑμᾶς
919 315 1081 356 ἅπασαν
1102 317 1176 369 ἐρῶ
1194 316 1266 366 τὴν
1292 314 1496 366 ἀλήθειαν.

170 383 232 423 καὶ
257 384 331 436 γὰρ
352 382 403 424 ὡς
429 382 589 434 ἀνάξιος
615 383 661 434 ἦν
686 382 808 439 ᾔδειν,
832 383 895 423 καὶ
915 385 1043 434 παρῆν
1067 384 1133 423 ὅτε
1157 383 1305 423 τούτων
1323 381 1494 433 ἠξιοῦτο,

170 451 232 490 καὶ
250 449 320 489 οὐκ
340 451 538 490 ἀντεῖπον·
566 450 762 501 ὁμολογῶ.
816 451 879 489 διὰ
898 450 953 496 τί;
985 450 1058 495 ὅτι,
1076 446 1105 488 ὦ
1122 449 1260 501 ἄνδρες
1277 449 1493 499 Ἀθηναῖοι,
1531 457 1596 491 188

130 534 147 566 5
168 520 322 568 πρῶτον
347 518 419 567 μὲν
444 516 736 567 ἀσθενέστερον
760 516 938 568 ἡγούμην
963 516 1129 556 ἔσεσθαι
1160 520 1323 556 πολλῶν
1348 519 1492 567 ψευδο-

168 583 297 634 μένων
330 584 493 633 ἑτοίμως
523 584 611 635 περὶ
641 584 758 623 αὐτοῦ
791 583 886 634 πρὸς
918 584 1017 633 ὑμᾶς
1050 583 1120 623 ἕνα
1151 583 1305 633 τάληθῆ
1338 581 1496 634 λέγοντ’

170 651 350 700 ἐμαυτόν·
388 650 511 690 ἔπειθ’
544 651 599 690 ὧν
629 652 702 700 μὲν
736 651 885 691 ἐκεῖνος
919 649 1111 701 εὑρίσκετ’
1145 648 1350 700 ἐξαπατῶν
1383 650 1494 700 ὑμᾶς,

168 718 223 767 μᾶ
254 716 322 757 τὸν
349 717 427 756 Δία
457 717 519 756 καὶ
553 716 666 758 θεοὺς
697 715 848 758 πάντας
880 715 1038 757 οὐδενὸς
1071 714 1193 773 εἰσῄει
1224 733 1291 766 μοι
1317 719 1493 769 φθονεῖν,

171 783 288 824 κακὸν
319 783 352 824 δ’
382 783 495 823 οὐδὲν
528 783 662 834 ἑώρων
692 784 891 835 ὑπερφυὲς
923 782 1183 833 πεισομένους
1215 784 1326 834 ὑμᾶς,
1355 784 1391 823 εἴ
1420 782 1494 823 τιν’

109 866 148 888 10
168 850 379 901 ἠδικηκότα
414 849 534 890 πόλλ’
573 850 713 902 ἀφίετε
750 849 812 890 καὶ
849 848 1141 901 προύκαλεῖσθέ
1175 866 1213 889 τι
1249 853 1317 890 τοῦ
1351 853 1496 890 λοιποῦ

169 919 296 957 ποιεῖν
319 917 416 967 ὑμᾶς
443 917 604 968 ἀγαθόν·
644 918 684 956 ἐν
710 918 784 968 γὰρ
808 919 860 970 τῷ
887 916 1056 966 πολίτην
1080 918 1283 957 ποιεῖσθαι
1314 917 1376 956 καὶ
1402 933 1492 958 στε-

169 986 321 1034 φανοῦν
356 983 463 1023 ταῦτ’
501 984 594 1033 ἐνῆν
630 984 847 1036 ἀμφότερα.
919 982 1053 1033 ἐπειδὴ
1090 982 1123 1022 δ’
1158 984 1233 1034 ὁρῶ
1267 1000 1491 1035 προσκατα-
1529 993 1594 1037 189

168 1050 457 1100 σκευαζόμενόν
498 1066 535 1089 τι
576 1053 754 1090 τοιοῦτον
795 1049 843 1090 δι’
878 1050 937 1099 οὗ,
975 1049 1022 1089 ἂν
1057 1050 1181 1100 μόνον
1218 1050 1496 1102 εὐτρεπίσηται

167 1116 256 1158 τοὺς
291 1115 421 1156 ἐνθάδ’
454 1116 779 1167 ἐξαπατήσοντας
811 1118 910 1168 ὑμᾶς
941 1117 1039 1168 ὑπὲρ
1071 1117 1202 1162 αὑτοῦ,
1237 1120 1315 1157 τῶν
1346 1116 1384 1169 γ’
1419 1116 1494 1168 ἔξω

109 1197 146 1229 ¹5
167 1183 299 1234 φίλων
329 1182 392 1222 καὶ
424 1182 685 1234 βουλομένων
709 1183 757 1224 ἄν
782 1199 820 1223 τι
847 1187 975 1224 ποιεῖν
1004 1184 1103 1234 ὑμᾶς
1133 1183 1283 1235 ἀγαθὸν
1314 1185 1494 1224 κάκεῖνον

167 1248 332 1290 κωλύειν
372 1250 531 1289 ἐναντία
569 1249 754 1301 πράττειν
792 1251 895 1301 ὑμῖν,
935 1251 1018 1290 οἷον
1056 1249 1331 1303 Ἀθηνόδωρον
1370 1250 1490 1302 λέγω,

167 1317 337 1365 Σίμωνα,
376 1315 557 1368 Βιάνορα,
592 1316 808 1369 Ἀρχέβιον
842 1317 911 1357 τὸν
945 1316 1171 1366 Βυζάντιον,
1206 1318 1297 1359 τοὺς
1331 1319 1492 1372 Θρᾷκας

165 1382 254 1425 τοὺς
283 1383 363 1429 δύο,
390 1383 481 1425 τοὺς
513 1382 726 1434 βασιλέας,
752 1384 901 1424 τούτων
926 1385 1062 1433 μηδενὶ
1094 1382 1182 1434 μήτ’
1209 1386 1491 1434 ἐναντιωθῆναι
1523 1388 1641 1443 [684]

164 1447 262 1500 μήτε
289 1449 455 1490 κωλύειν
481 1451 632 1490 ἐκεῖνον
657 1449 829 1500 ἐξέσται,
857 1449 1056 1500 τηνικαῦθ’
1077 1451 1158 1500 ἥκω
1185 1451 1246 1490 καὶ
1274 1455 1486 1502 κατηγορῶ.

105 1531 146 1553 20
167 1516 229 1556 καὶ
253 1517 396 1567 νομίζω
422 1516 467 1556 τὸ
491 1516 575 1566 μέν,
603 1517 661 1558 οἷς
685 1517 855 1567 ἔμελλεν
881 1519 1028 1559 ἐκεῖνος
1052 1518 1194 1568 λαβὼν
1226 1520 1348 1568 μηδὲν
1371 1519 1487 1569 ὑπερ·
1527 1536 1592 1569 190

163 1582 329 1635 μέγεθες
361 1583 433 1633 τὴν
463 1583 582 1623 πόλιν
615 1582 810 1636 βλάψειν,
837 1583 1062 1635 ἀντιλέγειν
1093 1581 1116 1633 ἢ
1152 1588 1277 1626 κακῶς
1311 1585 1388 1637 ἰδίᾳ
1421 1600 1488 1624 πε-

163 1650 354 1692 πονθότος
395 1647 418 1700 ἢ
461 1653 805 1702 συκοφαντοῦντος
847 1649 958 1697 εἶναι,
1002 1650 1047 1690 τὸ
1087 1649 1140 1696 δέ,
1186 1651 1250 1703 ἐφ’
1291 1651 1348 1692 οἷς
1388 1650 1491 1703 μέγα

163 1716 308 1769 πρᾶγμ’
345 1717 580 1758 ἀλυσιτελὲς
618 1723 665 1773 τῇ
703 1718 820 1758 πόλει
857 1717 1175 1767 κατεσκευάζετο,
1214 1719 1490 1758 ἐναντιοῦσθαι

162 1787 339 1836 χρηστοῦ
377 1783 438 1823 καὶ
476 1784 740 1835 φιλοπόλιδος
776 1784 917 1835 ἀνδρὸς
954 1784 1070 1836 ἔργον
1103 1784 1214 1824 εἶναι.
1287 1786 1349 1824 διὰ
1384 1784 1489 1824 ταῦτ’

103 1864 140 1895 25
162 1849 222 1890 ἐπ’
247 1851 411 1892 ἐκείνοις
436 1849 550 1890 οὐδὲν
574 1851 695 1890 εἰπὼν
720 1854 788 1890 νῦν
812 1850 933 1903 λέγω.

222 1915 369 1957 Ἔστιν
403 1918 535 1956 τοίνυν
571 1933 630 1958 τις
667 1916 798 1958 αὐτοῖς
833 1921 1006 1959 τοιοῦτος
1042 1918 1164 1969 λόγος
1200 1916 1249 1958 δι’
1285 1917 1330 1957 οὗ
1366 1934 1489 1969 προσ·
1526 1932 1586 1967 191

161 1985 307 2023 δοκῶσι
341 1982 531 2034 παράξειν
563 1984 675 2033 ὑμᾶς,
704 1983 754 2025 ὡς
780 1984 800 2022 ὁ
827 1983 1142 2035 Κερσοβλέπτης
1177 1984 1238 2023 καὶ
1265 1984 1489 2036 Χαρίδημος

161 2050 257 2091 ἴσως
290 2049 439 2090 ἐναντί’
464 2049 658 2101 ἔπραττον
690 2055 739 2106 τῇ
767 2051 883 2090 πόλει
912 2049 995 2090 τόθ’
1026 2050 1081 2090 ὅτ’
1111 2049 1215 2100 ἦσαν
1244 2051 1392 2103 ἐχθροί,
1420 2055 1489 2091 νῦν

160 2118 202 2156 δὲ
235 2117 348 2164 φίλοι
383 2118 445 2157 καὶ
482 2117 702 2170 χρησίμους
739 2116 986 2169 παρέχουσιν
1023 2116 1196 2159 ἑαυτούς.
1267 2117 1313 2157 οὐ
1348 2116 1393 2167 δὴ
1431 2120 1490 2157 δεῖ

206 2235 219 2255 Ι
244 2226 397 2267 ’γενέσθαι
414 2227 505 2258 τουτὶ
524 2225 553 2255 Α
670 2225 783 2258 οὐδένα
799 2231 877 2256 ante
896 2226 1097 2266 ἐποιησάμην
1113 2226 1143 2256 Α
1160 2238 1166 2256 :
1192 2232 1268 2266 post
1287 2226 1488 2266 ἐποιησάμην

161 2268 185 2299 S
202 2270 291 2309 vulg.
428 2280 444 2308 7
470 2267 645 2310 εὑρίσκετ’]
665 2269 817 2309 ἐφαίνετο
835 2269 861 2299 F
987 2271 1007 2300 8
1031 2271 1105 2302 τοὺς
1123 2271 1210 2302 θεοὺς
1227 2270 1258 2301 Α
1349 2270 1438 2313 ἐπῄει
1456 2272 1487 2301 Α

164 2321 203 2342 10
226 2313 338 2353 ἀφίετε
356 2313 467 2352 vulg.:
499 2312 629 2353 ἀφείετε
654 2311 692 2343 Sl
713 2314 747 2353 (η
772 2323 874 2352 supra
899 2327 918 2345 a
941 2313 1018 2343 add.
1039 2314 1141 2353 corr.)
1161 2325 1167 2343 :
1196 2313 1268 2344 fort.
1288 2314 1400 2355 ἀφεῖτε
1419 2315 1486 2351 (vel

161 2356 325 2397 ἂφείητε),
343 2356 385 2387 cs.
403 2357 484 2386 xxiv
505 2366 561 2394 171
742 2358 976 2397 προύκαλεῖσθε
994 2356 1018 2387 S
1035 2357 1076 2387 al.
1093 2368 1098 2387 :
1124 2360 1338 2397 προκαλεῖσθε
1357 2357 1385 2387 Υ
1399 2357 1423 2387 F
1435 2358 1466 2388 O
1481 2371 1486 2389 :

160 2397 238 2429 fort.
255 2402 470 2441 προκαλοῖσθε
594 2409 632 2429 12
657 2399 1038 2441 προκατασκευαζόμενον
1055 2400 1085 2430 Α
1215 2410 1250 2438 14
1276 2403 1353 2439 ὑμᾶς
1370 2410 1434 2431 om.
1455 2400 1486 2431 A

161 2451 202 2480 29
225 2448 301 2481 post
319 2443 353 2475 δὲ
370 2443 444 2473 add.
466 2444 498 2482 γ’
515 2444 577 2475 εἶσὶ
594 2443 683 2482 vulg.
703 2455 709 2473 :
735 2453 798 2473 om.
821 2443 844 2473 S
857 2443 886 2472 Y
899 2444 928 2473 O
1020 2446 1087 2475 δεῖν
1105 2442 1220 2483 Cobet,
1237 2445 1297 2474 sed
1316 2443 1357 2476 cf.
1372 2445 1427 2474 viii
1447 2455 1487 2484 73
