1737 2734
133 129 245 182 [779]
678 126 1196 179 [ΔΗΜΟΣΘΕΝΟΎΣ]
1508 128 1604 179 [xxv

278 238 360 276 τοῖς
385 236 428 273 ἐκ
453 237 521 272 τοῦ
546 234 826 284 δεσμωτηρίου,
849 230 871 282 ἦ
898 237 979 273 τοῖς
1005 234 1059 273 ὧν
1084 233 1312 274 ἀπέκτεινεν
1333 235 1354 273 ὁ
1378 236 1497 285 δῆμος
1517 235 1606 276 τοὺς

279 300 462 352 πατέρας,
485 297 507 349 ἦ
531 304 614 341 τοῖς
634 299 1067 350 ἀποδεδοκιμασμένοις
1086 299 1225 352 ἄρχειν
1245 304 1456 353 λαχοῦσιν,
1477 298 1500 351 ἢ
1525 306 1607 343 τοῖς

279 368 491 419 ὀφείλουσι
510 370 562 420 τῷ
584 367 774 420 δημοσίῳ,
797 363 820 414 ἢ
847 369 929 406 τοῖς
951 365 1135 416 καθάπαξ
1153 367 1318 417 ἀτίμοις,
1340 363 1363 416 ἦ
1383 370 1465 408 τοῖς
1483 384 1603 418 πονη-

278 433 457 484 ροτάτοις
492 433 555 472 καὶ
588 435 748 472 δοκοῦσι
784 433 846 472 καὶ
879 432 981 472 οὖσι·
1036 432 1163 472 πάντα
1197 435 1272 483 γὰρ
1303 433 1409 473 ταῦθ’
1439 433 1607 487 ὑπάρχει

280 500 417 553 τούτῳ,
446 499 508 538 καὶ
534 500 730 550 πρόσεστι
754 503 834 540 τοῖς
860 500 941 540 οἶος
972 499 1085 540 οὗτός
1111 500 1199 539 ἐστι
1223 499 1295 548 τὴν
1321 500 1457 550 φύσιν.
1528 501 1606 551 ἐγὼ
1627 519 1643 550 5

280 565 367 617 γάρ,
395 563 424 605 ὦ
449 565 587 616 ἄνδρες
612 565 826 615 Ἀθηναῖοι,
849 565 993 615 νομίζω
1019 567 1091 615 μὲν
1118 565 1235 605 αὐτὸν
1263 565 1324 605 καὶ
1350 565 1414 617 ἐφ’
1439 567 1498 608 οῖς
1523 568 1606 607 νυνὶ

280 635 386 672 ποιεῖ
413 633 569 673 δικαίως
598 632 646 671 ἂν
681 633 906 676 ἀποθανεῖν,
940 632 1043 671 πολὺ
1074 631 1209 681 μέντοι
1238 635 1410 682 μᾶλλον,
1441 629 1463 681 ἦ
1493 633 1607 673 οὐδέν

280 699 315 750 γ’
353 699 483 748 ἧττον,
515 698 580 750 ἐφ’
618 699 674 740 οἷς
711 699 831 748 δῆλός
860 700 949 738 ἐστι
983 697 1176 747 ποιήσων,
1212 699 1246 738 εἶ
1274 698 1345 748 τὴν
1377 698 1467 750 παρ’
1499 700 1607 749 ὑμῶν

204 781 245 814 31
282 764 465 815 ἐξουσίαν
490 765 667 817 λήψεται
693 765 754 804 καὶ
781 766 927 817 καιρόν·
966 764 986 804 ὃ
1011 764 1063 815 μὴ
1085 764 1252 816 γένοιτο.
1324 765 1344 804 ὃ
1369 765 1432 804 καὶ
1458 768 1603 816 θαυμα-

281 832 378 871 στόν
403 833 526 877 ἐστιν,
549 833 584 871 εἴ
607 848 665 873 τις
690 833 797 881 ὑμῶν
824 833 963 882 ἀγνοεῖ
979 833 1038 871 ὅτι
1066 831 1129 870 ἐπὶ
1149 834 1221 882 μὲν
1242 831 1363 871 καλὸν
1388 828 1411 880 ἦ
1431 832 1607 884 χρηστὸν
1629 850 1666 872 10

281 895 303 947 ἦ
328 900 397 948 τῆς
423 899 577 940 πόλεως
606 896 717 947 ἄξιον
747 897 893 949 πρᾶγμ’
918 897 1029 937 οὐδὲν
1061 897 1173 939 οὗτός
1205 900 1292 938 ἐστι
1320 897 1516 950 χρήσιμος
1541 898 1606 949 (μὴ

280 964 367 1016 γάρ,
399 963 428 1004 ὦ
463 968 540 1004 Ζεῦ
575 966 636 1004 καὶ
671 965 764 1009 θεοί,
797 965 973 1014 τοσαύτη
1007 964 1154 1006 σπάνις
1188 965 1341 1016 ἀνδρῶν
1373 963 1528 1016 γένοιτο
1561 966 1607 1020 τῇ

280 1032 396 1071 πόλει
420 1032 522 1071 ὥστε
549 1031 638 1083 παρ’
659 1031 1002 1082 Ἀριστογείτονος
1022 1034 1099 1070 τῶν
1122 1035 1253 1070 καλῶν
1272 1048 1308 1070 τι
1335 1030 1605 1081 ποιήσασθαι)·

281 1097 345 1149 ἐφ’
370 1098 394 1137 ἃ
418 1097 451 1137 δ’
472 1097 520 1137 ἂν
540 1098 602 1138 καὶ
628 1097 824 1151 χρήσαιτό
842 1114 899 1138 τις
919 1098 1083 1151 τοιούτῳ
1106 1099 1239 1151 θηρίῳ,
1261 1098 1508 1150 ἀπεύχεσθαι
1527 1101 1608 1139 τοῖς

280 1167 383 1205 θεοῖς
415 1164 466 1215 μὴ
501 1164 690 1216 γενέσθαι
724 1167 794 1204 δεῖ.
866 1165 899 1204 εἰ
930 1163 962 1203 δ’
996 1163 1070 1215 ἄρα
1105 1165 1297 1214 συμβαίη,
1331 1165 1464 1214 μεῖζόν
1496 1166 1607 1204 ἐστιν
1631 1183 1666 1213 ¹5

280 1231 480 1284 εὐτύχημα
504 1231 549 1286 τῇ
577 1232 693 1271 πόλει
724 1232 924 1282 ἀπορῆσαι
949 1231 1038 1271 τοὺς
1073 1231 1344 1281 βουλομένους
1375 1230 1606 1283 ἐξαμαρτεῖν

279 1297 328 1337 δι’
352 1298 396 1337 οὗ
421 1301 536 1337 τοῦτο
557 1297 808 1347 ποιήσουσιν,
837 1295 858 1346 ἢ
885 1301 1023 1337 τοῦτον
1051 1297 1267 1349 ἀφειμένον
1293 1297 1424 1339 αὐτοῖς
1449 1298 1607 1348 ἕτοιμον

205 1377 248 1411 32
280 1362 459 1415 ὑπάρξαι.
531 1365 570 1404 τί
594 1366 668 1416 γὰρ
694 1365 806 1405 οὗτος
836 1363 1044 1413 ὀκνήσειεν
1074 1363 1134 1410 ἄν,
1165 1362 1194 1403 ὦ
1224 1363 1362 1416 ἄνδρες
1388 1363 1604 1413 Ἀθηναῖοι,

279 1435 356 1471 τῶν
393 1430 622 1481 ἀνηκέστων
658 1428 680 1480 ἦ
718 1433 867 1476 δεινῶν,
904 1430 1110 1482 ἄνθρωπος
1146 1430 1284 1483 μιαρὸς
1322 1432 1384 1471 καὶ
1419 1433 1607 1482 πατρικῆς

280 1497 425 1551 ἔχθρας
450 1498 547 1549 πρὸς
571 1498 639 1538 τὸν
659 1500 781 1548 δῆμον
808 1497 1049 1547 ἀνάμεστος,·
1089 1498 1147 1538 τίς
1167 1497 1199 1536 δ’
1219 1497 1267 1538 ἂν
1293 1497 1417 1539 ἄλλος
1435 1500 1604 1548 μᾶλλον,
1628 1515 1667 1536 20

281 1564 301 1603 δ
326 1567 379 1614 μὴ
409 1564 577 1617 γένοιτο,
606 1565 868 1616 ἀνατρέψειεν
899 1564 969 1613 τὴν
996 1565 1127 1609 πόλιν,
1157 1565 1189 1604 εἰ
1217 1564 1377 1614 λάβοιτ’
1402 1562 1604 1613 ἐξουσίας;

281 1631 354 1684 οὐχ
380 1631 488 1683 ὁρᾶθ’
513 1632 573 1671 ὅτι
598 1634 667 1681 τῆς
693 1633 853 1683 φύσεως
875 1631 993 1670 αὐτοῦ
1019 1631 1082 1670 καὶ
1115 1632 1317 1672 πολιτείας
1343 1630 1387 1670 οὐ
1411 1631 1607 1682 λογισμὸς

282 1697 360 1738 οὐδ’
398 1699 514 1739 αἰδὼς
550 1697 721 1748 οὐδεμία,
754 1697 845 1737 ἀλλ’
877 1697 1030 1737 ἀπόνοι’
1060 1697 1224 1748 ἡγεῖται,
1255 1700 1413 1747 μᾶλλον
1449 1697 1480 1737 δ’
1511 1699 1608 1737 ὅλον

282 1764 367 1804 ἔστ’
392 1764 545 1804 ἀπόνοι’
573 1765 593 1814 ἡ
619 1766 756 1804 τούτου
783 1765 982 1809 πολιτεία;
1021 1763 1043 1813 ἢ
1068 1763 1260 1815 μέγιστον
1284 1763 1356 1814 μέν
1375 1765 1486 1804 ἐστιν
1505 1764 1607 1818 αὐτῷ

137 1828 250 1882 [780]
282 1835 333 1885 τῷ
361 1831 494 1884 ἔχοντι
523 1832 652 1875 κακόν,
681 1831 810 1871 δεινὸν
836 1833 876 1870 δὲ
905 1831 966 1870 καὶ
992 1830 1172 1883 χαλεπὸν
1197 1833 1309 1875 πᾶσι,
1337 1831 1454 1870 πόλει
1480 1830 1512 1870 δ’
1539 1831 1607 1871 οὐκ
1629 1849 1666 1880 25

283 1899 459 1938 ἀνεκτόν.
532 1899 552 1936 ὁ
577 1900 651 1950 γὰρ
678 1896 992 1948 ἀπονενοημένος
1023 1897 1124 1937 ἅπας
1156 1897 1293 1937 ἑαυτὸν
1326 1900 1398 1947 μὲν
1431 1900 1608 1948 προεῖται

285 1965 346 2004 καὶ
382 1965 453 2014 τὴν
490 1966 530 2004 ἐκ
569 1968 766 2016 λογισμοῦ
796 1965 1007 2015 σωτηρίαν,
1042 1965 1083 2003 ἐκ
1118 1965 1158 2003 δὲ
1188 1967 1256 2003 τοῦ
1289 1963 1512 2015 παραδόξου
1545 1964 1606 2003 καὶ

208 2043 250 2077 33
283 2032 526 2083 παραλόγου,
546 2033 614 2071 ἐὰν
633 2031 708 2083 ἄρα
729 2032 847 2087 σωθῇ,
867 2028 1041 2085 σῴζεται.
1078 2031 1136 2071 τίς
1152 2029 1200 2070 ἂν
1216 2030 1284 2070 οὖν
1301 2030 1342 2069 εὖ
1359 2034 1518 2082 φρονῶν
1539 2031 1603 2069 αὑ-

281 2097 349 2137 τὸν
365 2098 413 2138 ἂν
433 2095 454 2147 ἦ
471 2100 518 2137 τα
539 2099 585 2153 τῇ
606 2100 763 2150 πατρίδι
780 2097 1034 2149 συμφέροντα
1053 2097 1174 2151 ταύτῃ
1195 2096 1431 2147 συνάψειεν;
1463 2098 1520 2137 τίς
1539 2097 1606 2136 οὐκ

325 2218 343 2246 5
368 2211 434 2240 τοῖς
451 2219 515 2239 om.
538 2210 560 2237 S
576 2209 605 2238 Y
620 2209 650 2239 O
748 2208 810 2240 οἷος
829 2210 851 2236 S
871 2208 973 2243 νιιΙξζ..
994 2207 1034 2236 cf.
1056 2207 1112 2236 xix
1135 2208 1217 2236 186:
1242 2205 1372 2247 οἷόσπερ
1389 2205 1441 2236 A:
1465 2208 1607 2246 οἵοισπερ

282 2252 401 2285 Cobet,
421 2253 460 2282 cf.
482 2253 539 2282 xix
558 2263 632 2290 254,
652 2252 720 2282 xxii
739 2255 791 2290 64,
818 2261 867 2290 77,
894 2252 974 2280 xxiv
1000 2251 1068 2287 185,
1089 2251 1148 2280 sed
1175 2250 1227 2279 his
1252 2250 1334 2280 locis
1358 2251 1422 2280 alia
1445 2255 1496 2280 est
1522 2250 1606 2280 ratio

288 2305 323 2333 13
349 2296 537 2335 πορίσασθαι
555 2296 662 2326 Cobet
775 2306 818 2325 20
840 2297 968 2334 μᾶλλον
985 2304 1049 2323 om.
1070 2293 1100 2323 A
1205 2303 1246 2323 22
1270 2296 1327 2331 τῆς
1345 2299 1424 2323 ante
1441 2294 1606 2325 πολιτείας

283 2339 357 2368 add.
378 2339 464 2377 vu1g.
483 2351 487 2368 :
516 2350 579 2369 om.
602 2340 625 2369 S
639 2340 667 2369 Y
784 2348 824 2376 25
849 2339 900 2369 καὶ
918 2340 995 2369 πᾶσι
1014 2338 1037 2366 S
1051 2336 1079 2366 Y
1199 2338 1240 2367 28
1264 2340 1321 2368 τοῦ
1337 2336 1521 2377 παραλόγου
1539 2337 1568 2366 Α
1584 2336 1607 2366 F

284 2392 326 2418 29
350 2385 406 2418 τῆς
424 2384 572 2422 πατρίδος
591 2382 635 2412 Α1
761 2382 865 2423 ταύτῃ
887 2380 1072 2421 συνάψειενἾ
1091 2380 1196 2420 τούτῳ
1215 2379 1415 2421 ἐπιτρέψειεν
1431 2380 1461 2409 Α
1475 2379 1535 2410 FS
1552 2393 1602 2420 γρ.

285 2425 310 2454 δ’
329 2431 407 2455 ante
425 2428 479 2457 οὐκ
497 2427 571 2457 add.
593 2426 620 2456 A
635 2426 680 2456 F:
707 2436 770 2456 om.
792 2426 827 2455 5¹
