1737 2734
95 136 212 192 [563]

152 589 213 623 152

97 641 212 695 [564]

153 988 214 1024 Ι53

155 1454 218 1489 154

159 1985 220 2021 155

664 136 1150 174 ΔΙΙΜΟΣΘΕΝΟὙΣ
1477 130 1567 183 [xxt

243 244 374 281 τινοῦν
413 240 461 280 ἂν
500 242 583 290 δοίη
623 240 780 281 δικαίως
821 244 899 279 τῶν
940 238 1240 291 πεπραγμένων,
1280 239 1349 278 οὐκ
1390 239 1569 288 ἐτόλμων

243 307 388 359 λέγειν,
418 307 482 347 ἐπὶ
515 310 636 346 ταῦτα
669 306 701 346 δ’
732 306 915 355 ἀπήντων
941 306 992 347 ὡς
1030 308 1038 322 ‘
1057 305 1230 345 ἑάλωκεν
1259 306 1330 355 ἤδη
1366 306 1429 345 καὶ
1457 321 1566 345 κατε-

243 373 463 426 ψήφισται·
500 374 604 414 τίνος
632 372 813 422 τιμήσειν
838 373 940 426 αὐτῷ
970 374 1194 426 προσδοκᾷς
1223 372 1266 411 τὸ
1296 370 1566 421 δικαστήριονς

245 440 317 492 οὐχ
343 441 435 494 ὁρᾷς
460 441 519 479 ὅτι
545 443 710 479 πλουτεῖ
740 439 800 478 καὶ
826 440 1080 492 τριηραρχίας
1110 440 1191 490 ἐρεῖ
1219 439 1282 478 καὶ
1311 438 1566 492 λῃτουργίας;

245 507 386 546 σκόπει
417 507 461 555 δῖ]
492 506 543 556 μὴ
570 507 721 546 τούτοις
751 506 868 545 αὑτὸν
899 504 1165 555 ἐξαιτήσηται,
1194 505 1257 544 καὶ
1286 503 1437 544 ἐλάττω
1468 504 1570 543 πολὺ

245 579 291 629 τῇ
317 574 431 613 πόλει
457 574 638 614 καταθεὶς
664 570 685 621 ἦ
712 573 788 612 ὅσα
814 589 879 612 σοι
910 574 1047 611 δίδωσι
1074 570 1355 626 καταγελάσῃ.’
1425 571 1503 621 ἐγὼ
1528 572 1569 610 δὲ

245 643 399 690 πρῶτον
430 642 501 689 μὲν
534 639 645 679 οὐδὲν
679 640 839 690 ἀγεννὲς
871 640 977 688 ὑμῶν
1013 638 1335 689 καταγιγνώσκω,
1367 636 1446 676 οὐδ’
1474 637 1568 676 ὑπο-

243 705 439 756 λαμβάνω
469 705 649 756 τιμήσειν
679 705 791 745 οὐδὲν
822 705 1032 746 ἐλάττονος
1062 705 1184 757 τούτῳ
1215 701 1236 752 ἦ
1263 705 1362 743 ὅσον
1393 704 1572 744 καταθεὶς

244 773 355 814 οὗτος
391 772 585 813 παύσεται
622 774 689 822 τῆς
726 773 891 823 ὕβρεως·
942 775 1055 811 τοῦτο
1094 771 1124 810 δ’
1161 771 1247 810 ἐστὶ
1286 770 1462 820 μάλιστα
1499 772 1572 819 μὲν

245 839 422 883 θάνατος,
451 840 484 879 εἰ
514 841 554 879 δὲ
587 838 653 889 μή,
681 838 809 878 πάντα
838 840 885 877 τὰ
916 838 994 878 ὅντ’
1021 837 1257 889 ἀφελέσθαι.
1329 836 1450 876 ἔπειθ’
1475 838 1572 887 ὑπὲρ

245 910 321 946 τῶν
347 906 484 945 τούτου
508 909 753 960 λῃτουργιῶν
780 905 841 944 καὶ
867 909 945 944 τῶν
970 908 1231 957 τριηραρχιῶν
1257 904 1319 943 καὶ
1343 907 1420 943 τῶν
1445 903 1570 942 τοιού-

246 989 323 1012 των
352 973 485 1023 λόγων
515 972 581 1012 ὡδὶ
613 972 836 1023 γιγνώσκω.
908 973 941 1011 εἰ
973 971 1045 1021 μέν
1076 972 1201 1016 ἐστιν,
1229 969 1258 1010 ὦ
1292 970 1428 1021 ἄνδρες
1454 969 1570 1019 Ἀθη-

247 1043 360 1085 ναῖοι,
393 1039 436 1078 τὸ
466 1043 698 1094 λῃτουργεῖν
729 1042 855 1083 τοῦτο,
888 1038 932 1078 τὸ
967 1040 1008 1078 ἐν
1038 1039 1128 1088 ὑμῖν
1160 1037 1294 1088 λέγειν
1324 1038 1366 1076 ἐν
1399 1035 1574 1077 ἁπάσαις

247 1110 331 1147 ταῖς
353 1107 582 1155 ἐκκλησίαις
609 1106 670 1145 καὶ
691 1108 892 1158 πανταχοῦ
915 1107 923 1122 ‘
938 1105 1047 1154 ἡμεῖς
1067 1106 1102 1144 οἱ
1123 1107 1442 1160 λῃτουργοῦντες,
1463 1103 1574 1153 ἡμεῖς

247 1174 282 1213 οἱ
309 1172 643 1224 προεισφέροντες
673 1173 774 1222 ὑμῖν,
802 1172 912 1222 ἡμεῖς
942 1173 977 1212 οἱ
1004 1171 1195 1211 πλούσιοί
1223 1170 1373 1220 ἐσμεν,’
1400 1171 1432 1210 εἰ
1458 1170 1502 1209 τὸ
1526 1171 1574 1209 τὰ

247 1243 404 1279 τοιαῦτα
440 1239 586 1290 λέγειν,
626 1238 726 1278 τοῦτ’
759 1238 870 1278 ἔστιν
906 1241 1151 1294 λῃτουργεῖν,
1188 1238 1371 1289 ὁμολογῶ
1406 1237 1574 1277 Μειδίαν

249 1305 434 1346 ἁπάντων
466 1310 543 1345 τῶν
577 1307 618 1345 ἐν
649 1311 696 1361 τῇ
728 1306 843 1345 πόλει
876 1306 1156 1356 λαμπρότατον
1186 1306 1438 1356 γεγενῆσθαι·
1477 1304 1574 1344 ἀπο-

251 1375 374 1413 κναίει
403 1375 477 1424 γὰρ
508 1373 623 1426 ἀηδίᾳ
655 1371 780 1422 δήπου
814 1372 876 1412 καὶ
912 1373 1156 1425 ἀναισθησίᾳ
1193 1371 1275 1410 καθ’
1305 1371 1475 1420 ἑκάστην
1504 1370 1574 1419 τὴν

251 1441 467 1489 ἐκκλησίαν
492 1443 611 1479 ταῦτα
636 1439 779 1490 λέγων.
835 1440 868 1478 εἰ
892 1438 1027 1488 μέντοι
1052 1439 1091 1478 τί
1113 1438 1198 1478 ποτ’
1226 1438 1335 1478 ἐστὶν
1361 1439 1384 1477 ἃ
1408 1443 1573 1493 λῃτουρ-

250 1511 314 1558 γεῖ
327 1507 372 1562 τῇ
394 1507 557 1559 ἀληθείᾳ
574 1509 633 1546 δεῖ
647 1510 825 1551 σκοπεῖν,
847 1506 923 1557 ἐγὼ
944 1506 1039 1556 πρὸς
1060 1506 1157 1555 ὑμᾶς
1179 1507 1265 1556 ἐρῶ·
1304 1506 1366 1544 καὶ
1384 1503 1575 1544 θεάσασθ’

251 1573 301 1614 ὡς
327 1574 482 1614 δικαίως
507 1573 624 1612 αὐτὸν
650 1572 840 1623 ἐξετάσω,
869 1572 964 1623 πρὸς
990 1572 1156 1621 ἐμαυτὸν
1183 1573 1336 1622 κρίνων.
1396 1571 1520 1616 οὗτος,
1547 1568 1576 1609 ὦ

251 1640 387 1691 ἄνδρες
428 1639 640 1689 Ἀθηναῖοι,
685 1641 858 1691 γεγονὼς
905 1640 969 1688 ἔτη
1012 1640 1099 1689 περὶ
1148 1637 1374 1688 πεντήκοντ’
1416 1640 1513 1679 ἴσως
1553 1635 1576 1687 ἡ

251 1706 388 1758 μικρὸν
416 1707 580 1746 ἔλαττον
612 1706 723 1746 οὐδὲν
755 1707 849 1756 ἐμοῦ
881 1707 1040 1747 πλείους
1070 1706 1307 1761 λῃτουργίας
1337 1706 1427 1755 ὑμῖν
1455 1711 1575 1760 λελῃ-

253 1774 479 1825 τούργηκεν,
507 1773 548 1815 ὃς
574 1773 640 1813 δύο
667 1773 728 1812 καὶ
754 1772 945 1823 τριάκοντ’
966 1773 1031 1822 ἔτη
1053 1773 1213 1824 γέγονα.
1269 1773 1374 1824 κάγὼ
1399 1774 1470 1822 μὲν
1496 1770 1578 1810 κατ’

255 1841 423 1882 ἐκείνους
448 1840 536 1880 τοὺς
565 1841 731 1892 χρόνους
761 1839 1053 1892 ἐτριηράρχουν,
1083 1840 1193 1880 εὐθὺς
1225 1840 1264 1878 ἐκ
1291 1840 1440 1878 παίδων
1466 1837 1576 1888 ἐξελ·
1623 1853 1636 1883 ζ

255 1907 346 1951 θών,
373 1908 438 1947 ὅτε
473 1906 606 1946 σύνδυ’
633 1906 729 1957 ἦμεν
756 1908 791 1946 οἱ
822 1905 1052 1959 τριήραρχοι
1083 1907 1146 1946 καὶ
1178 1906 1442 1955 τάναλώματα
1466 1903 1579 1944 πάντ’

255 1976 297 2013 ἐκ
321 1977 399 2013 τῶν
426 1974 534 2013 ἰδίων
557 1969 702 2025 {ostem}
730 1974 791 2012 καὶ
817 1975 885 2014 τὰς
910 1976 1001 2014 ναῦς
1027 1971 1287 2023 ἐπληρούμεθ’
1308 1972 1429 2012 αὐτοί·
1469 1971 1581 2012 οὗτος

256 2040 310 2086 δέ,
333 2041 398 2080 ὅτε
422 2043 495 2090 μὲν
515 2042 612 2079 κατὰ
637 2040 782 2089 ταύτην
807 2039 878 2089 τὴν
903 2039 1060 2089 ἡλικίαι·
1080 2038 1126 2088 ἦν
1151 2039 1199 2088 ἣν
1225 2039 1302 2090 ἐγὼ
1327 2042 1407 2083 νῦν,
1429 2037 1581 2078 οὐδέπω

256 2110 487 2163 λῃτουργεῖν
514 2107 669 2160 ἤρχετο,
697 2110 907 2156 τηνικαῦτα
937 2109 978 2146 δὲ
1009 2109 1076 2145 τοῦ
1106 2106 1334 2157 πράγματος
1359 2105 1490 2155 ἧπται,
1516 2105 1582 2144 ὅτε

301 2219 320 2247 8
344 2216 436 2249 οὐδὲν
451 2217 557 2249 Blass.
572 2216 612 2247 cf.
632 2220 645 2253 ᾗ
664 2227 720 2255 154
739 2216 830 2248 οὐδὲν
849 2218 924 2255 ἐμοῦ
942 2217 1090 2248 πλείουςε
1118 2218 1243 2248 οὐδενὸς
1257 2215 1353 2246 codd.
1446 2226 1467 2254 9
1491 2213 1583 2247 οὗτος

259 2261 281 2290 S
296 2262 325 2290 A
343 2273 348 2291 ι
373 2263 490 2292 οὑτωσὶ
511 2261 557 2291 F:
581 2263 690 2292 οὑτοσὶ
710 2261 750 2290 al.
931 2270 968 2289 21
998 2260 1111 2299 κρίνων
1128 2260 1215 2297 vulg.
1236 2259 1259 2289 S
1277 2269 1362 2289 corr.
1380 2270 1385 2287 t
1411 2271 1503 2299 κρινω
1521 2258 1558 2288 S¹
1577 2270 1583 2288 :

258 2308 351 2345 κρινῶ
369 2305 460 2334 Weil
615 2314 656 2342 23
682 2305 819 2335 ἔλαττον
838 2303 989 2333 Bekker:
1017 2303 1156 2334 ἐλάττον
1176 2303 1252 2339 (εἰς)
1275 2302 1331 2333 Sl:
1360 2302 1484 2334 ἐλάττω
1502 2307 1579 2332 cett.

260 2358 298 2384 24
332 2347 401 2388 δύο]
432 2347 507 2378 fort.
539 2347 566 2379 δ’
592 2348 602 2385 «ζ
622 2364 629 2365 ε
660 2347 817 2381 τέσσαρα)
849 2346 1040 2376 Goodwin:
1075 2352 1191 2377 ΔΔΔΠ
1222 2360 1269 2371 ¹:
1288 2351 1344 2384 351»
1376 2356 1435 2384 pro
1465 2351 1583 2377 ΔΔΔΠ

261 2391 393 2421 Nicklin
528 2400 568 2429 27
598 2393 692 2422 οἴκων
722 2390 830 2420 SYO
847 2389 889 2420 P:
923 2391 1002 2420 sel.
1034 2389 1152 2419 mass:
1186 2392 1279 2421 οἴκων
1308 2391 1512 2428 ἐδαπανῶμεν
1538 2389 1583 2419 F:

261 2437 464 2472 ἐδαπανῶμεν
483 2434 532 2465 Α;
559 2437 733 2474 διῳκοῦμεν
751 2433 930 2464 Schaeser:
955 2433 1012 2470 ἧκε
1034 2433 1167 2463 Dobree

1596 855 1633 876 10

1598 1188 1633 1218 15

1599 1520 1637 1542 20
