1737 2734
132 137 235 192 [471]

122 576 233 630 [472]

189 1120 228 1156 51

184 2114 225 2148 53

694 139 1175 178 ΔΗΜΟΣΘΕΝΟὙΣ
1522 136 1590 189 [xx

698 242 726 255 rx,

268 244 451 294 χρῆσθαι,
486 243 666 293 δεύτερον
695 254 714 281 ο
756 243 815 282 ὅτι
845 241 1100 291 βλάπτουσιν
1129 244 1165 282 οἱ
1195 243 1357 294 πονηροὶ
1388 244 1500 293 νόμοι
1530 245 1592 283 καὶ

267 311 336 350 τὰς
361 310 555 360 ἀσφαλῶς
580 311 701 348 οἰκεῖν
726 308 908 358 οἰομένας
934 310 1083 350 πόλεις.
1139 309 1183 348 οὐ
1208 311 1282 361 γὰρ
1307 309 1354 349 ἂν
1379 309 1592 359 μετέπιπτε

267 376 315 414 τὰ
340 375 535 426 πράγματ’
556 374 615 414 ἐπ’
637 376 853 426 ἀμφότερα,
883 376 916 415 εἰ
940 375 991 425 μη
1012 375 1101 416 τοὺς
1125 378 1196 425 μὲν
1222 377 1264 415 ἐν
1291 376 1451 430 κινδύνῳ
1479 379 1589 416 καθε-

267 442 460 490 στηκότας
486 444 548 480 καὶ
575 440 732 492 πράξεις
758 442 928 493 χρησταὶ
956 442 1017 480 καὶ
1042 442 1155 491 νόμοι
1181 443 1243 482 καὶ
1263 441 1399 493 ἄνδρες
1423 444 1592 494 χρηστοὶ

267 508 329 546 καὶ
366 507 477 547 πάντ’
513 506 745 558 ἐξητασμέν’
781 508 843 547 ἐπὶ
880 507 924 547 τὸ
961 507 1127 557 βέλτιον
1163 510 1323 559 προῆγε,
1358 509 1448 550 τοὺς
1484 508 1516 548 δ’
1551 511 1592 549 ἐν

265 573 402 629 ἁπάσῃ
433 573 672 614 καθεστάναι
705 576 914 615 δοκοῦντας
948 574 1172 627 εὐδαιμονίᾳ
1202 574 1330 614 πάντα
1362 575 1468 614 ταῦτ’
1498 576 1587 625 ἀμε-

264 639 423 689 λούμεν’
440 640 597 691 ὑπέρρει
619 643 715 680 κατὰ
734 641 884 691 μικρόν.
940 644 1017 680 τῶν
1034 643 1107 692 γὰρ
1125 641 1340 691 ἀνθρώπων
1356 643 1591 681 οἱπλεῖστοι

266 710 429 746 κτῶνται
467 709 540 756 μὲν
576 708 728 758 τάγαθὰ
763 710 816 761 τῷ
856 711 984 748 καλῶς
1023 707 1290 757 βουλεύεσθαι
1326 707 1388 747 καὶ
1425 711 1590 758 μηδενὸς

264 777 539 823 καταφρονεῖν,
567 773 783 825 φυλάττειν
809 772 840 812 δ’
861 774 929 814 οὐκ
957 773 1141 813 ἐθέλουσι
1165 777 1246 815 τοῖς
1271 773 1400 815 αὐτοῖς
1424 774 1589 815 τούτοις.

262 839 282 878 ὃ
311 839 362 888 μὴ
395 839 543 888 πάθητε
574 843 641 879 νῦν
671 841 791 890 ὑμεῖς,
819 840 906 889 μηδ’
933 841 1066 880 οἴεσθε
1096 841 1217 889 νόμον
1246 844 1420 880 τοιοῦτον
1450 840 1591 880 θέσθαι

262 908 357 952 δεῖν,
379 905 420 947 ὃς
441 910 569 946 καλῶς
588 924 629 946 τε
651 907 900 957 πράττουσαν
921 906 991 955 την
1012 907 1130 946 πόλιν
1149 907 1258 956 ἡμῶν
1278 909 1450 958 πονηρᾶς
1475 906 1591 957 δόξης

262 971 499 1022 ἀναπλήσει,
523 972 591 1012 ἐάν
618 973 659 1013 τέ
685 990 722 1013 τι
749 977 885 1029 συμβῇ
912 973 1018 1018 ποτέ,
1042 973 1186 1024 ἔρημον
1211 977 1289 1013 τῶν
1315 974 1590 1022 ἐθελησόντων

262 1039 412 1090 ἀγαθόν
437 1056 474 1079 τι
500 1043 628 1079 ποιεῖν
654 1038 906 1089 καταστήσει.

328 1106 388 1145 Οὐ
414 1106 542 1146 τοίνυν
571 1107 707 1156 μόνον,
735 1104 763 1145 ὦ
794 1106 930 1158 ἄνδρες
955 1106 1171 1156 Ἀθηναῖοι,
1199 1106 1288 1148 τοὺς
1321 1108 1398 1159 ἰδίᾳ
1423 1107 1590 1158 γνόντας

263 1172 303 1212 εὖ
324 1176 448 1212 ποιεῖν
467 1173 564 1222 ὑμᾶς
592 1174 652 1212 καὶ
679 1174 960 1226 παρασχόντας
985 1174 1202 1227 χρησίμους
1228 1173 1366 1214 αὑτοὺς
1391 1174 1454 1212 ἐπὶ
1479 1180 1587 1223 τηλι-

263 1238 409 1278 κούτων
436 1240 497 1278 καὶ
522 1240 711 1280 τοιούτων
736 1244 893 1290 καιρῶν,
921 1241 1012 1280 οἴων
1043 1244 1163 1294 μικρῷ
1190 1240 1378 1291 πρότερον
1405 1241 1590 1291 Φορμίων

262 1305 515 1356 διεξελήλυθε
541 1307 646 1358 κάγὼ
672 1310 739 1346 νῦν
765 1308 909 1357 εἴρηκα,
938 1305 1048 1355 ἄξιόν
1074 1308 1185 1346 ἐστιν
1211 1306 1480 1356 εὐλαβηθῆναι
1505 1307 1586 1346 ἀδι-

262 1374 394 1421 κῆσαι,
417 1373 523 1412 ἀλλὰ
544 1373 606 1412 καὶ
626 1371 801 1414 πολλοὺς
822 1373 981 1418 ἄλλους,
1004 1374 1040 1413 οἳ
1062 1374 1197 1414 πόλεις
1222 1374 1330 1418 ὅλας,
1353 1374 1422 1414 τὰς
1441 1375 1588 1412 ἑαυτῶν

262 1441 461 1490 πατρίδας,
509 1439 740 1492 συμμάχους
779 1441 868 1490 ὑμῖν
909 1441 971 1480 ἐπὶ
1013 1443 1081 1480 τοῦ
1122 1439 1218 1491 πρὸς
1259 1440 1588 1488 λακεδαιμονίους

262 1505 436 1556 πολέμου
470 1506 689 1559 παρέσχον,
724 1508 785 1546 καὶ
818 1506 1004 1558 λέγοντες
1038 1507 1062 1546 ἃ
1095 1505 1290 1558 συμφέρει
1318 1512 1364 1562 τῇ
1397 1507 1512 1546 πόλει
1541 1512 1588 1562 τῇ

262 1572 426 1626 ὑμετέρα
451 1574 512 1613 καὶ
540 1573 791 1624 πράττοντες·
828 1575 883 1613 ὧν
903 1574 1000 1613 ε”νιοι
1024 1575 1086 1613 διὰ
1105 1573 1176 1623 τὴν
1196 1573 1291 1624 πρὸς
1316 1574 1414 1623 ὑμᾶς
1434 1574 1588 1613 εὔνοιαν

263 1638 469 1689 στέρονται
489 1642 556 1689 τῆς
574 1640 770 1691 πατρίδος.
825 1641 880 1680 ὧν
897 1640 1109 1694 ἐπέρχεταί
1124 1657 1191 1690 μοι
1208 1640 1383 1691 πρώτους
1403 1638 1588 1690 ἐξετάσαι

261 1705 349 1746 τοὺς
374 1707 416 1745 ἐκ
443 1708 636 1757 Κορίνθου
662 1707 895 1758 φεύγοντας.
967 1706 1233 1758 ἀναγκάζομαι
1263 1709 1303 1746 δὲ
1332 1705 1466 1758 λέγειν
1491 1709 1587 1757 πρὸς

260 1772 356 1821 ὑμᾶς
376 1773 482 1812 ταῦθ’
503 1774 525 1812 ῗι
546 1773 634 1825 παρ’
654 1774 760 1823 ὑμῶν
779 1778 857 1813 τῶν
877 1773 1160 1825 π])εσ,,ὃιττέρο)ι’
1181 1772 1295 1813 αὐτὸς
1321 1772 1479 1822 ἀκήκοα.
1539 1774 1586 1811 τὰ

259 1840 330 1887 μὲν
355 1839 423 1878 οὖν
447 1839 539 1879 ἄλλ’
559 1841 636 1879 ὅσα
661 1842 880 1893 χρησίμους
904 1842 992 1890 ὑμῖν
1019 1840 1177 1881 ἑαυτοὺς
1205 1841 1346 1880 ἐκεῖνοι
1366 1838 1583 1892 παρέσχον,

260 1904 378 1944 ἐάσω·
418 1906 509 1946 ἀλλ’
530 1906 587 1945 ὅθ’
608 1907 629 1957 ἡ
654 1906 808 1958 μεγάλη
835 1906 942 1960 μάχη
966 1907 1060 1958 πρὸς
1080 1907 1410 1956 Λακεδαιμονίους
1435 1905 1586 1957 ἐγένεθ’

258 1971 280 2021 ἡ
312 1972 354 2012 ἐν
386 1974 576 2027 Κορίνθῳ,
608 1977 686 2013 τῶν
717 1975 759 2014 ἐν
788 1980 835 2030 τῇ
868 1974 985 2013 πόλει
1017 1972 1353 2023 βουλευσαμένων
1384 1973 1482 2023 μετὰ
1515 1972 1585 2020 τὴν

255 2038 390 2091 μάχην
419 2039 470 2089 μὴ
496 2039 687 2092 δέχεσθαι
715 2044 768 2094 τῷ
798 2042 922 2093 τείχει
951 2040 1041 2081 τοὺς
1072 2040 1326 2091 στρατιώτας,
1354 2040 1459 2079 ἀλλὰ
1490 2038 1586 2090 πρὸς

257 2107 589 2156 Δ·’Χακεδαιμονιόυς
629 2108 990 2158 ἐπικηρυκεύεσθαι,
1032 2107 1198 2158 ὁρῶντες
1237 2106 1475 2158 ἠτυχηκυῖαν
1513 2104 1584 2154 τὴν

305 2226 316 2245 Ι
345 2217 482 2256 χρῆσθαι
501 2215 592 2257 (ἀεὶ)
610 2216 718 2247 Cobet
836 2228 852 2256 7
880 2217 1031 2257 ὑπήρειπε
1052 2216 1267 2246 Herwerden
1392 2225 1429 2244 12
1455 2215 1583 2247 ἀλλοιό-

256 2271 350 2298 τερον
369 2264 444 2297 pOSt
461 2260 541 2291 ποτὲ
558 2261 634 2290 add.
654 2260 679 2290 L
699 2261 847 2299 {punctis
867 2266 1031 2290 notatum
1052 2260 1112 2290 ΡΞ
1129 2273 1179 2300 γρ.
1330 2267 1366 2296 Ι3
1392 2259 1491 2296 αὐτὴν
1509 2263 1583 2297 post

257 2304 358 2332 ποιεῖν
386 2302 462 2333 add.
495 2303 520 2332 L
550 2304 663 2341 vulg:
699 2315 763 2334 om.
797 2303 864 2334 SA
1034 2313 1072 2341 19
1109 2305 1180 2341 ὑμῖν
1208 2302 1262 2331 X:
1297 2302 1371 2341 ἡμῖν
1402 2302 1464 2332 SL
1493 2301 1582 2340 vulg.

257 2354 297 2397 33
322 2344 502 2385 φεύγοντας
521 2346 564 2376 F:
588 2347 752 2387 φυγόντας
770 2357 872 2386 prope
891 2357 1009 2377 omnes
1123 2356 1162 2384 25
1190 2347 1260 2383 ὑμῖν
1276 2345 1374 2375 Vind.
1400 2355 1411 2374 1
1434 2344 1458 2374 F
1474 2354 1556 2376 corr.
1577 2355 1584 2374 t

256 2390 332 2425 ημῖν
348 2393 424 2418 cett.

1613 529 1628 559 5

1614 859 1651 880 10

1614 1190 1648 1221 15

1611 1521 1648 1543 20

1609 1855 1645 1886 ²5
