1737 2734
64 153 185 210 [604]
646 157 1130 195 ΔΗΜΟΣΘΕΝΟΎΣ
1440 152 1544 206 [xxm

140 263 185 306 36
215 251 237 304 ἢ
259 255 532 295 πεντακοσίοις
562 255 703 295 ἀδίκως
730 256 994 307 χαρίσασθαι;
1036 254 1085 295 ὡς
1106 253 1138 294 δ’
1158 253 1238 294 οὐδ’
1260 255 1370 294 ἔστιν
1390 254 1547 304 ἁπάσης

214 321 258 360 τὸ
288 324 448 373 πρᾶγμα
478 323 545 370 τῆς
577 322 740 371 βουλῆς,
770 321 875 360 ἀλλὰ
900 325 1030 366 τινῶν,
1061 322 1174 371 οἵπερ
1201 322 1304 360 εἰσὶν
1328 323 1446 361 α’ίτιοι
1469 325 1547 362 τῶν

215 391 355 434 κακῶν,
378 388 439 426 καὶ
459 386 753 438 Ἀνδροτίωνος,
779 388 858 440 ἔχω
878 386 1023 438 λέγειν.
1085 390 1137 441 τῷ
1158 386 1234 439 γάρ
1254 388 1364 427 ἐστιν
1383 389 1544 433 ὄνειδος,

215 455 248 494 εἰ
279 457 508 494 σιωπῶντος
538 453 656 493 αὐτοῦ
688 454 749 492 καὶ
781 456 902 504 μηδὲν
928 452 1168 505 γράφοντος,
1196 455 1292 494 ἴσως
1322 453 1355 493 δ’
1381 454 1469 493 οὐδὲ
1498 456 1546 493 τὰ

216 520 330 561 πόλλ’
367 521 422 561 εἷς
458 523 502 559 τὸ
538 518 824 571 βουλευτήριον
861 520 1069 565 εἰσιόντος,
1109 519 1162 570 μὴ
1199 519 1322 569 λάβοι
1359 519 1381 570 ἡ
1417 519 1546 570 βουλὴ
1569 541 1585 572 5

214 587 283 627 τὸν
316 585 537 638 στέφανον;
576 586 703 626 οὐδενὶ
739 585 945 636 δήπουθεν,
982 587 1088 626 ἀλλὰ
1123 589 1190 626 τοῦ
1225 586 1449 638 γράφοντος
1484 587 1547 626 καὶ

214 652 523 703 πολιτευομένου
557 653 620 692 καὶ
650 653 854 694 πείθοντος
889 653 914 692 ἃ
945 653 1138 702 βούλοιτο
1171 652 1240 702 τὴν
1274 651 1439 702 βουλήν·
1483 654 1547 692 διὰ

140 736 182 772 37
214 721 289 771 γὰρ
308 720 466 760 τούτους
487 718 627 769 ἀνάξια
645 723 713 758 τοῦ
735 721 1042 770 στεφανωθῆναι
1064 719 1346 769 βεβούλευκεν.
1406 719 1451 759 οὐ
1469 718 1547 769 μὴν

214 785 306 826 ἀλλ’
331 787 443 826 εἶκαὶ
472 786 521 825 τὰ
549 785 727 836 μάλιστα
756 784 887 835 πάσης
918 785 1002 825 ἔσθ’
1029 787 1136 837 ἁγὼν
1167 788 1236 835 τῆς
1267 787 1430 836 βουλῆς,
1462 786 1545 840 ὅσῳ

214 852 411 905 συμφέρει
435 855 593 903 μᾶλλον
613 853 701 902 ὑμῖν
728 855 991 903 καταγνοῦσιν
1018 849 1040 901 ἢ
1064 852 1116 902 μὴ
1141 852 1355 892 θεάσασθε.
1417 853 1450 892 εἶ
1474 855 1546 902 μὲν
1572 872 1608 892 ιο

214 919 517 971 ἀπογνώσεσθε,
536 919 599 959 ἐπὶ
619 922 700 960 τοῖς
719 918 886 970 λέγουσι
907 918 951 958 τὸ
969 918 1254 970 βουλευτήριον
1275 919 1400 965 ἔσται,
1420 919 1488 958 ἐὰν
1504 921 1545 959 δὲ

215 989 451 1037 καταγνῶτε,
480 986 545 1026 ἐπὶ
576 989 657 1027 τοῖς
688 985 870 1026 ἰδιώταις·
910 985 1115 1036 ἑορακότες
1146 987 1221 1037 γὰρ
1247 987 1283 1024 οἱ
1310 985 1453 1025 πολλοὶ
1483 987 1546 1025 διὰ

213 1052 284 1102 τὴν
308 1056 386 1092 τῶν
416 1052 619 1103 λεγόντων
647 1053 837 1102 πονηρίαν
865 1050 971 1100 τήνδ’
1000 1051 1257 1107 ἀφῃρημένην
1287 1051 1358 1100 τὴν
1391 1051 1545 1101 βουλὴν

65 1122 181 1176 [605]
214 1122 282 1159 τὸν
313 1118 529 1170 στέφανον,
556 1118 645 1171 οὐχὶ
675 1117 917 1169 προήσονται
950 1118 1104 1159 τούτοις
1137 1120 1205 1159 τὰς
1235 1117 1408 1169 πράξεις,
1439 1119 1545 1158 ἀλλὰ

214 1187 263 1225 τὰ
286 1184 468 1235 βέλτιστ’
493 1187 652 1236 ἐροῦσιν
676 1185 796 1224 αὐτοί.
870 1185 904 1225 εἰ
934 1187 974 1225 δὲ
1001 1183 1212 1236 γενήσεται
1238 1187 1352 1224 τοῦτο
1379 1185 1440 1224 καὶ
1465 1188 1544 1224 τῶν
1571 1203 1606 1234 15

214 1251 370 1302 ἠθάδων
390 1252 453 1291 καὶ
479 1252 783 1302 συνεστηκότων
807 1252 982 1303 ῥητόρων
1002 1250 1361 1303 ἀπαλλαγήσεσθε,
1383 1250 1541 1302 ὄψεσθ’,

215 1317 244 1358 ‹T›
273 1318 410 1370 ἄνδρες
435 1318 650 1368 Ἀθηναῖοι,
681 1318 794 1359 πάνθ’
819 1319 844 1358 ἃ
869 1316 1061 1370 προσήκει
1086 1319 1314 1370 γιγνόμενα.
1388 1317 1484 1357 ὥστ’
1511 1319 1544 1357 εἰ

213 1386 379 1436 μηδενὸς
405 1385 529 1425 ἄλλου
555 1386 679 1430 ἕνεκα,
709 1387 771 1425 διὰ
795 1388 917 1425 ταῦτα
942 1384 1286 1436 καταψηφιστέον.

138 1463 182 1505 38
275 1450 329 1492 ¹¹0
360 1453 491 1492 τοίνυν
522 1452 655 1503 ἕτερον
686 1455 745 1492 δεῖ
776 1451 828 1502 μὴ
857 1454 995 1492 λαθεῖν
1025 1453 1134 1502 ὑμᾶς,
1164 1452 1373 1491 ἀκούσατε.
1450 1452 1546 1492 ἴσως

213 1517 461 1569 ἀναβήσεται
491 1519 553 1558 καὶ
584 1522 744 1569 συνερεῖ
764 1524 812 1574 τῇ
837 1522 968 1575 βουλῇ
995 1519 1195 1559 Φίλιππος
1226 1519 1287 1557 καὶ
1315 1517 1546 1569 Ἀντιγένης
1570 1534 1610 1555 20

213 1586 276 1625 καὶ
310 1586 329 1624 ὁ
363 1585 627 1636 ἀντιγραφεὺς
663 1587 730 1625 καί
758 1602 862 1626 τινες
897 1585 1027 1630 ἄλλοι,
1064 1586 1174 1636 οἵπερ
1204 1586 1286 1624 ἐκεῖ
1317 1584 1365 1624 δι’
1399 1586 1547 1624 ἑαυτῶν

213 1651 323 1705 εἶχον
352 1653 450 1702 μετὰ
479 1652 616 1692 τούτου
649 1652 693 1691 τὸ
723 1650 1008 1702 βουλευτήριον
1041 1652 1102 1691 καὶ
1133 1651 1279 1691 τούτων
1311 1654 1388 1691 τῶν
1420 1654 1547 1690 κακῶν

213 1720 316 1759 εἰσιν
347 1720 475 1759 αἴτιοι.
548 1721 608 1758 δεῖ
638 1718 682 1768 δὴ
715 1718 864 1760 πάντας
897 1720 994 1769 ὑμᾶς
1031 1719 1269 1770 γιγνώσκειν
1302 1719 1363 1757 ὅτι
1395 1717 1547 1758 τούτοις

213 1787 300 1826 ἐστὶ
329 1788 400 1836 μὲν
424 1785 447 1836 ὴ
473 1786 675 1837 πρόφασις
701 1787 768 1835 τῆς
798 1786 1037 1837 συνηγορίας
1063 1790 1110 1841 τῇ
1135 1789 1266 1841 βουλῇ
1295 1787 1473 1834 βοηθεῖν,
1500 1789 1548 1840 τῇ

213 1851 246 1892 δ’
273 1853 439 1905 ἀληθείᾳ
464 1852 551 1903 περὶ
577 1853 704 1892 αὑτῶν
733 1853 993 1903 ἀγωνιοῦνται
1022 1851 1083 1891 καὶ
1108 1855 1185 1891 τῶν
1212 1851 1383 1891 εὐθυνῶν
1409 1851 1453 1892 ’ὰς
1479 1851 1544 1891 αὐ·
1572 1864 1608 1896 25

139 1935 182 1970 39
213 1919 302 1961 τοὺς
331 1918 524 1970 προσήκει
555 1922 689 1958 δοῦναι
723 1923 801 1958 τῶν
826 1918 1125 1970 πεπραγμένων.
1197 1918 1281 1970 ἔχει
1310 1920 1385 1969 γὰρ
1411 1919 1546 1958 οὕτως.

213 1985 261 2026 ἂν
285 1988 358 2036 μὲν
384 1987 587 2037 ἀπογνῶτε
619 1985 689 2035 τὴν
719 1985 878 2037 γραφὴν
904 1985 1059 2035 ταύτην,
1088 1984 1259 2026 ἅπαντές
1290 1986 1393 2025 εἰσιν
1419 1984 1546 2034 ἀπηλ-

213 2053 407 2104 λαγμένοι
437 2053 499 2092 καὶ
529 2053 639 2102 δίκην
671 2052 796 2094 οὐδεὶς
827 2052 1010 2102 οὐδεμίαν
1040 2052 1091 2102 μὴ
1123 2054 1188 2106 δῷ·
1226 2052 1284 2092 τίς
1312 2053 1388 2103 γὰρ
1418 2050 1472 2090 ἔτ’
1501 2050 1549 2090 ἂν

216 2119 532 2171 καταψηφίσαιτ’
571 2120 743 2165 ἐκείνων,
779 2118 851 2168 τὴν
882 2118 1038 2168 βουλὴν
1070 2120 1177 2169 ὑμῶν
1211 2117 1549 2170 ἐστεφανωκότων

216 2185 260 2235 ἧς
298 2186 405 2225 οὗτοι
439 2185 717 2237 προε’στασαν,·
757 2187 826 2225 ἐὰν
859 2187 900 2225 δὲ
935 2189 1172 2237 καταγνῶτε,
1208 2187 1362 2236 πρῶτον
1395 2185 1468 2234 μὲν
1500 2185 1549 2223 τὰ
1570 2200 1610 2231 30

218 2252 342 2304 εὔορκ’
372 2251 509 2292 ἔσεσθ’
543 2251 831 2304 ἐψηφισμένοι,
865 2251 933 2292 εἶτ’
964 2253 1028 2292 ἐπὶ
1058 2255 1142 2293 ταῖς
1172 2251 1348 2292 εὐθύναις
1379 2251 1549 2290 ἕκαστον

266 2371 285 2400 5
310 2362 329 2399 ἡ
347 2362 451 2400 βουλὴ
470 2359 543 2391 sort.
561 2361 741 2390 delendum
762 2359 892 2399 (Blass)
1052 2361 1089 2390 16
1115 2359 1364 2397 συνεστηκότων
1382 2357 1417 2388 1⁷¹
1432 2357 1455 2388 S
1471 2371 1522 2398 γρ.
1543 2368 1548 2386 :

222 2404 474 2445 παρεστηκότων
493 2404 517 2434 S
532 2404 555 2434 L
569 2404 597 2434 Y
611 2404 642 2434 O
778 2405 816 2433 18
841 2404 915 2434 sort.
936 2404 1029 2434 εἵνεκ’
1048 2405 1150 2436 ἄλλου
1168 2402 1257 2433 Weil
1349 2403 1399 2434 διὰ
1415 2401 1440 2432 S
1453 2401 1481 2431 Y
1494 2401 1523 2431 O
1541 2412 1547 2431 :

223 2448 274 2480 διά
289 2461 327 2489 γε
346 2448 432 2486 vulg.
570 2457 607 2477 21
635 2447 715 2488 ἐκεῖ]
736 2448 804 2479 ἐπεὶ
824 2447 991 2477 Richards
