1737 2734
138 921 183 955 68

645 146 1125 184 ΔΗΜΟΣΘΕΝΟΎΣ
1419 143 1540 196 [xxm

216 252 320 301 παρὰ
345 249 497 292 τούτοις
524 250 735 302 εὑρημένου
761 251 924 290 δικαίου.
990 250 1085 302 πρὸς
1110 253 1150 290 δὲ
1176 251 1327 292 τούτοις
1352 252 1542 294 τοιούτοις

215 315 342 362 οὖσιν,
364 317 545 356 ἐνταυθοῖ
565 317 688 366 μόνον
708 316 834 357 οὐδεὶς
853 316 1002 356 πώποτ’
1024 317 1112 356 οὔτε
1133 317 1291 368 φεύγων
1310 317 1428 359 ἁλοὺς
1453 319 1541 358 οὔτε

216 383 364 422 διώκων
384 383 563 432 ἡττηθεὶς
589 382 802 434 ἐξήλεγξεν
824 383 875 424 ὡς
900 384 1042 424 ἀδίκως
1067 382 1254 433 ἐδικάσθη
1274 385 1322 423 τὰ
1348 383 1539 435 κριθέντα.

215 449 360 498 ταύτην
402 451 532 488 τοίνυν
573 449 644 498 τὴν
685 449 868 501 φυλακὴν
907 450 968 488 καὶ
1006 451 1075 491 τὰς
1117 451 1159 489 ἐν
1198 451 1317 505 ταύτῃ
1355 451 1540 501 νομίμους

214 516 400 566 τιμωρίας
433 517 619 566 παραβὰς
654 516 674 554 ὁ
708 515 874 567 γράφων
906 516 951 556 τὸ
980 515 1176 568 ψήφισμα
1207 516 1289 555 τοδὶ
1325 517 1436 566 ζῶντι
1467 519 1540 567 μὲν
1562 536 1580 567 5

216 579 400 630 ἐξουσίαν
425 583 627 633 γέγραφεν
657 585 707 635 τῷ
739 581 950 636 Χαριδήμῳ
981 587 1108 622 ποιεῖν
1137 584 1158 622 ὅ
1187 599 1223 622 τι
1253 582 1300 622 ἂν
1330 584 1538 633 βούληται,

215 648 410 690 παθόντος
426 647 467 688 δέ
483 664 519 688 τι
535 651 616 689 τοῖς
633 649 788 689 οἰκείοις
809 650 1079 700 συκοφαντίαν
1096 648 1276 689 δέδωκεν.
1329 649 1541 701 σκέψασθε

215 716 290 765 γὰρ
309 715 468 754 οὑτωσί.
523 716 610 755 ἴστε
636 713 760 764 δήπου
778 715 882 754 τοῦθ’
903 716 1086 761 ἅπαντες,
1108 717 1168 755 ὅτι
1194 717 1234 755 ἐν
1254 715 1391 769 Ἀρείῳ
1413 715 1538 770 πάγῳ,

214 780 259 820 οὗ
285 780 417 820 δίδωσ’
438 782 458 819 ὁ
483 782 601 831 νόμος
629 781 690 820 καὶ
712 782 863 821 κελεύει
887 785 955 820 τοῦ
975 782 1100 834 φόνου
1125 782 1362 831 δικάζεσθαι,
1386 786 1541 833 πρῶτον

213 849 286 897 μὲν
306 850 497 897 διομεῖται
517 847 598 886 κατ’
622 846 808 897 ἐξωλείας
829 849 945 888 αὑτοῦ
964 848 1026 888 καὶ
1045 848 1183 900 γένους
1205 849 1265 888 καὶ
1285 850 1408 890 οἰκίας
1428 850 1450 888 ὅ
1467 848 1540 888 τιν’

215 914 443 964 αἰτιώμενος
469 913 677 966 εἰργάσθαι
702 931 739 954 τι
763 918 953 962 τοιοῦτον,
982 915 1049 955 εἶτ’
1070 915 1157 955 οὐδὲ
1182 914 1251 955 τὸν
1274 916 1446 968 τυχόντα
1468 915 1541 955 τιν’

214 981 330 1031 ὅρκον
363 978 490 1031 [τοῦτο
524 978 695 1032 ποιήσει]
727 981 818 1020 ἀλλ’
850 981 895 1022 ὃν
927 981 1051 1023 οὐδεὶς
1085 981 1224 1032 ὅμνυσ’
1255 983 1353 1033 ὑπὲρ
1385 981 1541 1022 οὐδενὸς

213 1046 352 1092 ἄλλου,
386 1049 482 1088 στας
514 1047 577 1087 ἐπὶ
606 1051 683 1087 τῶν
713 1049 858 1097 τομίων
888 1048 1036 1100 κάπρου
1065 1049 1128 1088 καὶ
1159 1051 1266 1098 κριοῦ
1296 1049 1357 1088 καὶ
1385 1049 1539 1099 ταύρου,

216 1114 278 1153 καὶ
315 1114 464 1153 τούτων
503 1114 770 1165 ἐσφαγμένων
808 1113 875 1167 ὑφ’
912 1116 966 1155 ὧν
1004 1117 1066 1155 δεῖ
1102 1115 1163 1154 καὶ
1202 1116 1243 1155 ἐν
1282 1115 1343 1157 αῖς
1381 1114 1540 1167 ἡμέραις

216 1179 387 1230 καθήκει,
420 1181 523 1220 ὥστε
556 1181 617 1220 καὶ
651 1182 692 1220 ἐκ
722 1184 789 1220 τοῦ
823 1182 968 1234 χρόνου
998 1182 1060 1221 καὶ
1091 1183 1131 1221 ἐκ
1162 1185 1239 1221 τῶν
1271 1182 1538 1234 μεταχειριζο-
1585 1202 1600 1232 s

213 1247 343 1296 μένων
367 1247 485 1294 ἅπαν,
514 1249 611 1287 ὅσον
636 1247 720 1288 ἔσθ’
741 1249 866 1293 ὅσιον,
889 1251 1125 1301 πεπρᾶχθαι.
1188 1249 1248 1288 καὶ
1273 1250 1371 1298 μετὰ
1395 1248 1501 1288 ταῦθ’
1522 1249 1542 1287 ὁ

215 1314 284 1354 τὸν
313 1317 489 1355 τοιοῦτον
520 1316 636 1365 ὅρκοι·
670 1315 883 1365 ὀμωμοκὼς
913 1316 1019 1356 οὔπω
1049 1316 1321 1360 πεπίστευται,
1354 1314 1446 1355 ἀλλ’
1472 1316 1541 1354 ἐὰν

217 1380 435 1436 ἐξελεγχθῇ
468 1381 520 1432 μὴ
553 1381 684 1433 λέγων
717 1382 859 1431 ἀληθῆ,
891 1382 962 1432 τὴν
994 1384 1194 1434 ἐπιορκίαν
1228 1381 1542 1433 ἀπενεγκάμενος

216 1451 297 1489 τοῖς
323 1449 440 1487 αὑτοῦ
464 1449 603 1488 παισὶν
630 1449 692 1488 καὶ
716 1452 768 1502 τῷ
794 1449 901 1500 γένει
925 1448 1048 1489 πλέον
1073 1448 1152 1489 οὐδ’
1179 1449 1306 1488 ὁτιοῦν
1332 1448 1423 1499 ἕξει.
1493 1448 1541 1488 ἂν

218 1517 258 1554 δὲ
284 1513 377 1570 δόξῃ
397 1517 443 1554 τα
468 1515 581 1554 δίκαι’
603 1517 785 1566 ἐγκαλεῖν
813 1517 874 1556 καὶ
900 1516 971 1571 ἕλῃ
996 1519 1064 1556 τὸν
1084 1516 1296 1567 δεδρακότα
1313 1519 1382 1555 τοῦ
1402 1516 1539 1567 φόνου,

217 1580 296 1621 οὐδ’
323 1583 423 1621 οὕτω
454 1582 582 1632 κύριος
607 1583 784 1634 γίγνεται
812 1586 881 1622 τοῦ
910 1584 1088 1628 ἁλόντος,
1117 1582 1207 1622 ἀλλ’
1233 1583 1382 1622 ἐκείνου
1410 1584 1480 1632 μὲν
1507 1584 1543 1622 οἱ

218 1649 331 1697 νόμοι
364 1649 485 1699 κύριοι
519 1649 690 1688 κολάσαι
723 1650 785 1690 καὶ
819 1650 876 1690 οῖς
909 1649 1209 1701 προστέτακται,
1245 1653 1296 1702 τῷ
1331 1648 1363 1688 δ’
1395 1650 1542 1688 ἐπιδεῖν

217 1716 373 1754 διδόντα
398 1716 508 1765 δίκην
528 1715 695 1765 ἔξεστιν,
718 1715 764 1765 ἣν
785 1715 893 1766 ἔταξ’
914 1718 934 1756 ὁ
960 1717 1090 1766 νόμος,
1111 1720 1179 1756 τὸν
1199 1716 1361 1761 ἁλόντα,
1382 1714 1482 1764 πέρα
1508 1714 1541 1754 δ’

216 1782 328 1821 οὐδὲν
357 1781 509 1822 τούτου.
583 1783 643 1822 καὶ
673 1786 724 1836 τῷ
754 1785 825 1833 μὲν
850 1784 1030 1823 διώκοντι
1059 1782 1226 1835 ὑπάρχει
1255 1785 1386 1828 ταῦτα,
1417 1785 1469 1835 τῷ
1501 1784 1541 1821 δὲ

216 1848 404 1899 φεύγοντι
420 1851 468 1888 τὰ
487 1851 559 1899 μὲν
575 1851 643 1898 τῆς
664 1850 876 1899 διωμοσίας
892 1849 1024 1895 ταύτά,
1042 1849 1111 1890 τδν
1132 1850 1321 1900 πρότερον
1338 1848 1370 1887 δ’
1386 1848 1543 1898 ἔξεστιν

217 1916 378 1954 εἰπόντα
403 1916 526 1966 λόγοι·
550 1919 807 1966 μεταστῆναι,
837 1917 898 1956 καὶ
929 1916 1010 1955 οὔθ’
1037 1917 1056 1955 ὁ
1087 1916 1237 1956 διώκων
1262 1915 1343 1954 οὔθ’
1369 1917 1405 1955 οἱ
1435 1914 1539 1954 δικά-

219 1982 349 2030 ζοντες
385 1982 462 2021 οὔτ’
500 1983 624 2024 ἄλλος
662 1984 879 2034 ἀνθρώπων
917 1983 1041 2024 οὐδεὶς
1083 1984 1208 2033 κύριος
1247 1985 1434 2021 κωλῦσαι.
1504 1982 1545 2020 τί

216 2047 366 2097 δήποτ’,
395 2046 424 2087 ὦ
454 2049 591 2100 ἄνδρες
616 2049 831 2098 Ἀθηναῖοι,
857 2050 962 2090 τοῦθ’
987 2050 1109 2091 οὕτως
1139 2049 1241 2102 ἕχει;
1281 2050 1342 2088 ὅτι
1370 2050 1406 2088 οἱ
1434 2048 1541 2087 ταῦτ’

216 2114 261 2165 ἐξ
283 2115 408 2168 ἀρχῆς
433 2117 478 2154 τὰ
505 2117 648 2166 νόμιμα
673 2116 883 2162 διαθέντες,
906 2116 1047 2157 οἵτινές
1074 2115 1159 2156 ποτ’
1185 2114 1301 2165 ἦσαν,
1329 2114 1398 2155 εἴθ’
1418 2115 1541 2166 ἥρωες

260 2237 279 2256 2
316 2228 463 2257 ἐνταυθοῖ
500 2227 608 2258 codd..
637 2227 676 2257 cf.
711 2238 756 2256 xx
788 2229 847 2257 106
872 2233 905 2257 et
939 2226 1169 2256 Meisterhans
1203 2225 1259 2255 Gr.
1288 2224 1356 2254 Att.
1390 2223 1537 2254 Inschr.:

217 2271 342 2301 ἐνταυθὶ
360 2269 461 2306 Ἂῖθίἰ,
482 2269 521 2300 Cf·
545 2274 559 2307 ξ
579 2281 615 2308 51
637 2282 642 2300 :
678 2273 812 2302 ἐνταῦθα
832 2270 980 2300 Dindorf
1197 2278 1230 2298 11
1258 2267 1318 2299 τιν’
1337 2269 1429 2308 ὅρκον
1445 2269 1540 2297 τοῦτο

217 2312 391 2343 SAYO:
426 2313 488 2344 τιν’
516 2315 609 2354 ὅρκον
641 2316 757 2345 τοῦτον
791 2314 903 2352 vulg:
939 2313 1059 2355 τρόπον
1090 2315 1188 2344 τοῦτο
1218 2311 1426 2341 Bodleianus
1449 2311 1538 2348 apud

216 2356 408 2395 Taylorum,
428 2356 517 2386 Weil
645 2366 682 2386 12
707 2360 806 2388 τοῦτο
823 2357 950 2394 ποιήσει
968 2356 1091 2387 seclusi
1222 2356 1260 2384 18
1286 2353 1538 2394 ἐπενεγκάμενος

217 2400 236 2429 k
251 2410 270 2429 v
288 2409 335 2438 pr.
359 2410 400 2429 m.
510 2410 552 2430 22
576 2402 678 2432 ταῦτα
697 2406 771 2439 post
790 2400 1030 2441 προστέτακται
1047 2399 1125 2429 add.
1144 2397 1233 2436 vulg.
1252 2410 1258 2428 ε
1283 2407 1345 2427 om.
1368 2397 1391 2428 S
1497 2396 1539 2426 28

216 2444 245 2474 οἱ
261 2453 324 2473 om.
347 2442 383 2472 5¹

1566 867 1603 890 10

1565 1533 1605 1554 20

1566 1867 1602 1898 25
