1737 2734
149 144 262 199 xxu']
483 149 642 186 ΚΑΤΑ
689 149 1139 187 ΤΙΜΟΚΡΑΤΟΎΣ

147 256 348 304 εἰσφορῶν
380 254 435 292 ῶι·
468 250 738 304 εἰσέπραττες,
766 252 846 292 ἀπὸ
876 256 954 292 τῶν
980 251 1258 304 ψηφισμάτων
1291 253 1346 292 ὧν
1379 252 1473 304 γρά-

146 326 247 372 φεις,
287 320 358 372 ἀφ’
398 321 452 360 ὧν
490 319 692 372 εἰσφέρεις
729 320 875 370 νόμων,
917 321 980 359 διὰ
1018 319 1158 372 μικρὸν
1201 319 1385 371 ἀργύριον
1422 319 1474 370 μὴ

143 386 303 439 μετέχει
336 389 405 437 τῆς
437 387 603 431 πόλεως,
639 385 794 437 ἑτέρους
828 385 862 426 δ’
890 387 1060 436 ἐλεῆσαί
1089 402 1198 428 τινας
1233 384 1331 442 φῇς;
1369 386 1476 426 ἀλλὰ

145 453 191 503 νὴ
219 454 298 493 Δία
327 453 397 503 τὴν
427 453 608 505 ἀδελφὴν
638 457 767 494 καλῶς
801 451 1000 507 διῴκηκεν.
1073 453 1165 493 ἀλλ’
1193 454 1226 493 εἰ
1261 454 1323 493 καὶ
1354 455 1476 504 μηδὲν

107 519 236 569 5ἄλλ’
268 520 409 569 ἠδίκει,
445 522 541 560 κατὰ
577 519 680 560 τοῦτ’
713 518 823 570 ἄξιός
862 519 946 559 ἐστ’
982 519 1250 560 ἀπολωλέναι·
1303 518 1477 572 πέπρακε

144 589 219 638 γὰρ
244 585 377 636 αὐτήν,
404 587 473 626 οὐκ
498 586 723 627 ἐκδέδωκεν.
795 590 874 626 τῶν
899 588 973 638 γὰρ
1000 586 1198 639 ὑμετέρων
1224 588 1378 639 ἐχθρῶν
1404 587 1475 633 ἑνί,

148 654 372 707 Κερκυραίῳ
409 655 486 694 τινὶ
525 657 602 693 τῶν
640 658 708 694 νῦν
747 653 924 706 ἐχόντων
961 653 1033 702 τὴν
1071 654 1203 700 πόλιν,
1244 654 1477 694 καταλύοντι

145 719 234 772 παρ’
271 720 387 774 αὐτῷ,
426 719 492 760 ὅτε
529 723 642 771 δεῦρο
682 721 915 772 πρεσβεύοι,
958 720 1020 759 καὶ
1055 720 1297 771 βουληθέντι
1332 723 1477 772 λαβεῖν

145 785 265 836 αὐτήν
296 786 358 837 (εξ
387 787 431 826 οὗ
463 790 505 827 δὲ
538 787 697 838 τρόπου,
732 786 988 839 παραλείψω)
1021 788 1161 837 λαβὼν
1195 787 1381 840 ἀργύριον
1416 787 1478 828 δέ·

89 871 126 892 ιο
145 855 282 893 δωκεν·
318 854 380 893 καὶ
406 857 474 893 νῦν
499 854 611 894 ἐστιν
637 855 679 893 ἐν
701 853 891 906 Κερκύρᾳ.
955 853 997 894 ὃς
1022 853 1090 894 οὖν
1109 853 1181 903 τὴν
1205 856 1276 904 μὲν
1296 854 1478 906 ἀδελφὴν

146 919 207 959 ἐπ’
233 919 429 976 ἐξαγωγῇ,
458 920 562 971 φησὶ
594 923 666 970 μὲν
693 921 886 968 ἐκδοῦναι,
917 919 1095 972 πέπρακε
1121 923 1161 960 δὲ
1189 924 1241 974 τῷ
1268 921 1382 975 ἔργῳ,
1408 921 1478 961 τὸν

145 986 176 1026 δ’
203 987 321 1026 αὑτοῦ
345 986 479 1039 πατέρ’
505 989 604 1027 οὕτω
637 990 893 1039 γηροτροφεῖ,
924 987 1128 1027 κολακεύει
1161 989 1202 1027 δὲ
1238 989 1300 1027 καὶ
1332 991 1478 1038 μισθοῦ

144 1052 291 1105 γράφει
329 1054 391 1093 καὶ
427 1054 691 1100 πολιτεύεται,
726 1058 865 1094 τοῦτον
901 1055 1011 1104 ὑμεῖς
1044 1054 1244 1104 λαβόντες
1276 1054 1344 1093 οὐκ
1378 1055 1475 1095 ἀπο-

146 1123 335 1166 κτενεῖτε;
374 1119 499 1170 δόξετ’
518 1120 591 1172 ἄρ’,
614 1119 642 1160 ὦ
670 1120 807 1172 ἄνδρες
833 1120 1055 1170 Ἀθηναῖοι,
1080 1123 1229 1172 κρίσεις
1253 1121 1477 1172 βούλεσθαι

89 1205 124 1237 15
146 1187 209 1227 καὶ
233 1186 430 1239 πράγματ’
458 1187 579 1240 ἔχειν,
608 1187 700 1227 ἀλλ’
727 1187 795 1226 οὐκ
824 1186 1087 1241 ἀπηλλάχθαι
1112 1191 1188 1228 τῶν
1215 1192 1410 1239 πονηρῶν.

215 1254 290 1293 Καὶ
325 1254 402 1305 μὴν
435 1253 494 1293 ὅτι
529 1257 602 1304 μὲν
636 1253 828 1306 προσήκει
863 1253 1013 1296 πάντας
1050 1254 1231 1304 κολάζειν
1267 1255 1357 1297 τοὺς
1393 1256 1474 1295 ἀδι-

146 1324 323 1367 κοῦντας,
352 1322 393 1361 εὖ
418 1320 488 1360 οἶδ’
515 1319 576 1361 ὅτι
600 1320 745 1362 πάντες
770 1321 831 1367 ἄν,
860 1323 896 1362 εἴ
918 1338 976 1364 τις
1004 1321 1145 1373 ἔροιτο,
1168 1321 1355 1374 φήσαιτε·
1393 1321 1476 1376 ὅσῳ

145 1390 187 1428 δὲ
224 1386 404 1438 μάλιστα
440 1392 592 1434 τοῦτον,
631 1388 673 1429 ’ὸς
710 1386 831 1438 νόμον
870 1387 1094 1441 εἰσενήνοχ’
1130 1389 1195 1429 ἐπὶ
1231 1388 1376 1445 βλάβῃ
1410 1392 1478 1429 τοῦ

146 1453 335 1504 πλήθους,
363 1455 441 1506 ἐγὼ
466 1454 706 1506 πειράσομαι
740 1454 905 1505 διδάξαι.
978 1458 1056 1495 τῶν
1088 1457 1161 1506 μὲν
1194 1457 1269 1507 γὰρ
1296 1459 1477 1496 κλεπτῶν

88 1539 126 1561 20
147 1522 210 1561 καὶ
249 1524 490 1562 λωποδυτῶν
534 1522 597 1562 καὶ
643 1523 692 1561 τὰ
733 1526 895 1562 τοιαῦτα
942 1522 1262 1574 κακουργούντων
1311 1523 1477 1564 ἕκαστος

145 1592 300 1639 πρῶτον
335 1590 407 1638 μὲν
441 1588 492 1630 ὡς
525 1588 682 1638 ἀληθῶς
715 1591 784 1628 τὸν
825 1588 1027 1642 ἐντυχόντ’
1061 1590 1197 1636 ἀδικεῖ,
1234 1590 1296 1629 καὶ
1328 1589 1396 1629 οὐκ
1428 1589 1477 1629 ἂν

145 1652 227 1696 οἷός
251 1654 285 1694 τ’
311 1656 368 1705 εἵη
394 1654 544 1697 πάντας
571 1655 720 1695 ἐκδύειν
752 1655 839 1695 οὐδὲ
866 1657 914 1695 τὰ
940 1654 1098 1696 πάντων
1128 1655 1365 1708 ὑφελέσθαι,
1392 1656 1476 1696 εἶτα

147 1721 406 1774 καταισχύνει
436 1721 508 1771 τὴν
540 1722 657 1761 αὑτοῦ
686 1719 805 1772 δόξαν
838 1723 900 1762 καὶ
929 1721 998 1762 τὸν
1031 1724 1125 1773 βίον
1158 1721 1293 1774 μόνον.
1367 1724 1400 1763 εἰ
1433 1721 1476 1763 δέ

145 1804 204 1829 τις
233 1787 416 1840 εἰσφέρει
445 1789 567 1838 νόμον
598 1787 643 1838 ἐξ
670 1788 713 1828 οὗ
740 1792 822 1830 τοῖς
853 1790 952 1839 ὑμᾶς
984 1788 1248 1840 βουλομένοις
1279 1791 1427 1830 ἀδικεῖν
1451 1790 1474 1840 ἡ

88 1874 124 1904 25
145 1853 241 1894 πᾶσ’
276 1852 439 1903 ἐξουσία
472 1855 534 1894 καὶ
566 1854 678 1894 ἄδεια
710 1854 935 1907 γενήσεται,
971 1855 1083 1898 οὗτος
1115 1857 1214 1906 ὅλην
1247 1857 1375 1897 ἀδικεῖ
1403 1855 1475 1906 τὴν

146 1921 264 1961 πόλιν
301 1922 364 1961 καὶ
401 1922 655 1974 καταισχύνει
692 1921 855 1963 πάντας·
907 1923 1025 1973 νόμος
1064 1924 1138 1975 γὰρ
1175 1923 1343 1976 αἰσχρὸς
1378 1924 1474 1962 ὅταν

147 1987 275 2038 κύριος
297 1986 332 2044 ᾗ,
353 1990 423 2037 τῆς
447 1988 601 2029 πόλεως
627 1988 775 2030 ὄνειδός
801 1990 888 2029 ἐστι
912 1991 981 2039 τῆς
1007 1989 1184 2040 θεμένης,
1211 1991 1274 2030 καὶ
1298 1989 1475 2040 βλάπτει

146 2053 295 2095 πάντας
319 2055 409 2094 ὅσοι
435 2071 508 2106 περ
531 2053 580 2094 ἂν
604 2054 705 2108 αὐτῷ
731 2058 917 2107 χρῶνται.
986 2055 1055 2096 τὸν
1080 2056 1149 2096 οὖν
1179 2057 1240 2096 καὶ
1273 2055 1474 2106 βλάπτειν

144 2121 243 2170 ὑμᾶς
274 2120 337 2160 καὶ
366 2119 480 2170 δόξης
510 2120 810 2172 ἀναπιμπλάναι
835 2123 992 2173 φαύλης
1023 2124 1310 2176 ἐπιχειροῦντα,
1336 2125 1474 2163 τοῦτον

87 2201 127 2232 30
145 2187 190 2226 οὐ
214 2186 489 2237 τιμωρήσεσθε
515 2188 732 2237 λαβόντες;
772 2188 834 2228 καὶ
860 2189 899 2228 τί
922 2189 1094 2240 φήσετε;
1134 2190 1245 2241 γνοίη
1280 2189 1313 2229 δ’
1338 2189 1386 2229 ἄν
1416 2206 1473 2231 τις

193 2305 205 2324 1
232 2298 297 2327 τῶν
315 2305 379 2325 om.
401 2295 424 2325 S
558 2306 576 2332 4
602 2297 689 2328 ἀλλὰ
706 2297 756 2328 καὶ
775 2298 802 2328 εἰ
820 2297 845 2327 F
991 2307 1010 2336 5
1035 2299 1178 2336 ἠδικήκει
1199 2298 1223 2328 F
1356 2300 1377 2328 6
1401 2298 1473 2339 οὐκ]

146 2341 197 2370 καὶ
216 2340 272 2370 οὐκ
287 2337 318 2368 Α
330 2339 359 2368 Y
372 2339 402 2369 O
536 2349 557 2377 9
581 2339 717 2371 δέδωκεν
735 2339 776 2369 S:
804 2340 901 2372 ἔδωκε
919 2346 997 2371 cett.
1132 2351 1163 2371 11
1191 2342 1289 2381 φήσει
1308 2342 1331 2371 S
1344 2341 1369 2372 F
1385 2351 1470 2372 corr.

150 2382 188 2412 18
211 2381 373 2422 μάλιστα]
391 2384 521 2421 μᾶλλον
539 2382 563 2412 F
696 2393 737 2413 22
762 2383 939 2424 ἀφελέσθαι
957 2383 988 2413 Α
1123 2394 1163 2423 25
1188 2386 1292 2416 ἀδικεῖ
1305 2386 1386 2422 ὅλην
1406 2384 1431 2414 F

1286 2439 1344 2470 18*

1509 147 1624 205 [763]

1509 869 1555 894 20

1558 870 1576 904 Q.)

1509 1270 1576 1302 204

1508 1737 1572 1772 205

1507 1855 1622 1909 [764]

1505 2194 1572 2228 206
