1737 2734
96 152 99 178 ²'
111 150 209 204 540]

104 637 206 691 [541]

158 1461 176 1493 00

183 1470 200 1503 υ)

661 152 1144 190 ΔΗΜΟΣΘΕΝΟΎΣ
1475 150 1561 203 [xxl

239 256 381 304 λαβὼν
413 254 445 294 δ’
482 253 725 306 ὑπερήμερον
763 255 823 294 καὶ
860 256 978 307 ἔχων,
1012 255 1169 297 οὐδενὸς
1204 257 1370 308 ἡψάμην
1408 257 1563 297 πώποτε

239 325 316 361 τῶν
341 321 490 366 τούτου,
513 322 620 361 ἀλλὰ
639 323 779 374 λαχὼν
804 321 970 371 ἐξούλης
998 321 1119 362 πάλιν
1143 322 1295 362 οὐδέπω
1317 324 1377 363 καὶ
1396 322 1564 373 τήμερον

241 389 440 427 εἰσελθεῖν
474 388 696 437 δεδύνημαι·
749 389 944 430 τοσαύτας
973 388 1116 441 τέχνας
1152 390 1214 429 καὶ
1244 389 1416 441 σκήψεις
1451 389 1563 430 οὗτος

239 455 431 504 εὑρίσκων
458 455 643 502 ἐκκρούει.
711 455 817 505 κάγὼ
837 456 908 504 μὲν
933 456 1054 496 οὕτως
1081 455 1264 504 εὐλαβῶς
1289 457 1334 511 τῇ
1361 457 1460 511 δίκῃ,
1482 460 1563 496 τοῖς

239 522 371 570 νόμοις
388 520 542 560 ἅπαντα
561 520 742 571 πράττειν
759 520 867 570 ἀξιῶ·
900 521 919 559 ὁ
935 521 981 566 δ’,
999 521 1049 562 ὡς
1065 522 1173 571 ὑμεῖς
1190 522 1361 568 ἀκούετε,
1381 523 1563 573 ἀσελγῶς
1584 541 1600 571 5

238 587 282 625 οὐ
306 587 427 637 μόνον
448 588 503 628 εἰς
529 588 595 636 ἐμὲ
619 587 680 626 καὶ
700 588 788 628 τοὺς
813 587 929 636 ἐμοὺς
949 587 1042 641 ᾤετο
1063 590 1143 628 δεῖν
1164 589 1352 639 ὑβρίζειν,
1375 589 1480 628 ἀλλὰ
1502 589 1563 628 καὶ

239 655 293 694 εἰς
317 654 405 694 τοὺς
431 653 605 704 φυλέτας
625 653 673 692 δι’
699 653 780 703 ἐμέ.
854 654 905 695 ὡς
924 654 991 693 οὖν
1017 654 1123 693 ταῦτ’
1151 655 1278 704 ἀληθῆ
1304 654 1423 706 λέγω,
1453 654 1564 694 κάλει

236 737 303 769 μοι
339 720 487 759 τούτων
520 720 608 761 τοὺς
643 719 852 771 μάρτυρας,
885 719 934 760 ἵν’
966 720 1084 770 εἰδῆθ’
1119 722 1190 765 ὅτι,
1222 721 1312 772 πρὶν
1346 723 1441 760 κατὰ
1475 720 1564 761 τοὺς

237 787 378 836 νόμους
399 788 509 835 δίκην
528 787 583 826 ὧν
602 787 792 838 πρότερον
818 786 1007 837 ἠδικήθην
1025 791 1184 838 λαβεῖν,
1206 787 1327 828 πάλιν
1347 787 1494 827 τοιαῦθ’
1515 787 1562 826 οἷ’

237 852 421 903 ἀκηκόαθ’
448 855 654 904 ὕβρισμαι.
1587 871 1623 892 ιο

797 984 1005 1011 ΜΑΡΤΎΡΙΑ.

286 1048 569 1102 [Καλλισθένης
586 1052 782 1100 Σφηττιος
797 1052 1002 1102 Διόγνητος
1018 1052 1196 1100 Θορικιος,
1213 1051 1427 1100 Μνησίθεος
1448 1051 1564 1090 Αλω-

233 1106 401 1154 πεκῆθεν,
423 1106 571 1155 οἴδαμεν
593 1106 795 1154 Δημοσθει
798 1123 852 1154 ην,
875 1105 902 1156 ᾧ
921 1109 1186 1155 μαρτυροῖμέι,
1209 1123 1330 1155 κρισιν
1349 1107 1563 1158 λελογχότα

234 1160 369 1198 ΝῙειδια
400 1159 563 1208 ἐξούλης,
588 1177 638 1197 τι)
668 1160 727 1197 καὶ
757 1177 818 1197 νιν
848 1158 906 1198 ὑπ
936 1162 1047 1197 αὐτοῦ
1077 1177 1273 1211 κρινομενω
1303 1160 1477 1211 δημοσίᾳ,
1505 1162 1563 1198 καὶ

232 1215 302 1263 ἤδη
336 1216 384 1265 τῇ
422 1215 541 1263 κρίσει
575 1214 691 1264 ἐκεινῃ
726 1214 966 1265 διαγεγονότα
1000 1216 1064 1262 ἔτη
1096 1214 1199 1258 οκτώ,
1233 1232 1293 1252 και
1325 1217 1390 1252 τοῦ
1428 1216 1562 1265 χρόνον
1585 1232 1620 1262 ι5

236 1270 476 1320 γεγενημένον
514 1270 650 1308 παντὸς
688 1269 804 1306 αἴτιον
844 1269 999 1306 Μειδίαν
1038 1270 1094 1306 ἀεὶ
1138 1270 1464 1318 προφασιζόμενον
1504 1270 1562 1307 καὶ

233 1323 544 1372 ἀναβαλλόμενον
561 1320 572 1346 Ἰ

293 1451 347 1491 “O
374 1455 506 1491 τοίνυν
532 1452 759 1500 πεποίηκεν,
786 1449 815 1490 ὦ
842 1451 979 1502 ἄνδρες
999 1450 1214 1500 Ἀθηναῖοι,
1242 1452 1417 1502 περὶτῆς
1437 1453 1557 1500 δίκης,

232 1519 441 1562 ἀκούσατε,
488 1518 549 1558 καὶ
594 1518 764 1568 θεωρεῖτ’
803 1517 869 1569 ἐφ’
913 1517 1083 1558 ἑκάστου
1120 1517 1191 1567 τὴν
1230 1519 1348 1569 ὕβριν
1387 1518 1450 1557 καὶ
1489 1518 1560 1567 τὴν

230 1586 505 1637 ὑπερηφανίαν
530 1584 659 1624 αὐτοῦ.
731 1587 800 1634 τῆς
830 1586 904 1636 γὰρ
937 1585 1058 1634 δίκης,
1085 1585 1226 1634 ταύτης
1249 1583 1356 1636 λέγω
1382 1584 1427 1634 ἧς
1452 1585 1560 1625 εἶλον
1582 1601 1618 1622 20

230 1653 361 1698 αὐτόν,
384 1652 567 1703 γίγνεταί
587 1668 654 1701 μοι
680 1651 879 1701 διαιτητὴς
899 1651 1085 1703 Στράτων
1111 1652 1330 1702 Φαληρεύς,
1353 1651 1559 1703 ἄνθρωπος

230 1718 350 1769 πένης
382 1718 454 1769 μέν
487 1735 546 1760 τις
577 1719 639 1757 καὶ
669 1718 900 1770 ἀπράγμων,
936 1717 1069 1759 ἄλλως
1099 1717 1132 1757 δ’
1163 1718 1206 1757 οὗ
1238 1718 1421 1769 πονηρός,
1451 1718 1557 1757 ἀλλὰ

232 1787 294 1826 καὶ
324 1785 426 1826 πάνυ
455 1786 643 1838 χρηστός·
694 1787 790 1836 ὅπερ
827 1785 895 1824 τὸν
928 1785 1180 1836 ταλαίπωρον
1209 1785 1276 1824 οὐκ
1314 1785 1437 1835 ὀρθῶς
1470 1784 1556 1824 οὐδὲ

229 1853 398 1898 δικαίως,
422 1853 528 1892 ἀλλὰ
556 1852 619 1891 καὶ
643 1852 745 1892 πάνυ
772 1853 949 1904 αἰσχρῶς
979 1852 1247 1891 ἀπολώλεκεν.
1320 1851 1432 1893 οὗτος
1457 1854 1552 1891 διαι-

229 1923 306 1959 τῶν
338 1920 427 1970 ἡμῖν
458 1920 478 1957 ὁ
509 1918 705 1970 Στράτων,
739 1918 872 1968 ἐπειδή
910 1918 998 1958 ποθ’
1034 1918 1126 1968 ἧκεν
1155 1918 1178 1968 ἡ
1211 1919 1332 1969 κυρία,
1364 1917 1493 1958 πάντα
1524 1917 1555 1957 δ’
1579 1935 1615 1964 25

229 1986 300 2036 ἤδη
343 1985 615 2036 διεξεληλύθει
652 1989 773 2025 ταῦτα
814 1986 885 2025 τάκ
922 1989 1001 2025 τῶν
1043 1986 1185 2035 νόμων,
1228 1986 1454 2034 ὑπωμοσίαι
1494 1986 1555 2024 καὶ

228 2054 499 2105 παραγραφαί,
535 2053 598 2092 καὶ
635 2053 748 2092 οὐδὲν
778 2051 831 2092 ἔτ’
869 2051 915 2102 ἦν
951 2053 1184 2097 ὑπόλοιπον,
1219 2055 1262 2091 τὸ
1295 2053 1367 2101 μὲν
1400 2055 1555 2102 πρῶτον

229 2122 415 2172 ἐπισχεῖν
449 2121 576 2159 ἐδεῖτό
603 2136 677 2169 μου
704 2118 775 2168 την
809 2120 973 2164 δίαιταν,
1006 2118 1127 2158 ἔπειτ’
1161 2120 1216 2159 εἰς
1245 2118 1315 2167 τὴν
1344 2118 1554 2168 ὑστεραίαν

908 2185 938 2197 'x'

228 2186 520 2237 ἀναβαλέσθαι·
558 2185 602 2225 τὸ
638 2189 864 2225 τελευταῖον
904 2195 950 2231 ο,
984 2185 1034 2226 ὡς
1073 2184 1152 2224 οὔτ’
1183 2185 1261 2236 ἐγὼ
1301 2185 1554 2236 συνεχώρουν

274 2305 311 2325 12
337 2296 479 2336 Θορίκιος
495 2294 680 2325 palmerius
697 2306 702 2324 :
727 2298 894 2333 θεωρισκος
913 2294 936 2324 S
951 2294 1040 2333 vulg.
1136 2294 1173 2323 18
1190 2294 1364 2331 πεποίηκεν
1382 2292 1406 2324 S
1418 2292 1447 2322 Α
1461 2293 1491 2323 Ο
1507 2293 1549 2324 P:

226 2340 379 2376 πεποίηκε
398 2340 494 2370 κακὸν
514 2339 537 2368 F
724 2347 767 2367 20
790 2337 910 2374 ’ταύτης
928 2337 1017 2377 λέγω
1034 2336 1087 2378 ἧς]
1106 2337 1142 2374 ἧς
1160 2337 1248 2378 λέγω
1265 2338 1385 2374 ταύτης
1402 2337 1442 2374 ἣν
1460 2337 1483 2366 S
1500 2350 1550 2377 ’γρ-

225 2392 266 2420 23
292 2382 363 2413 οὐδὲ
387 2383 511 2414 δικαίως
538 2387 611 2421 post
637 2383 776 2421 αἰσχρῶς
802 2380 989 2411 SYOPF
1089 2380 1164 2411 sort.
1193 2380 1256 2410 del.
1284 2382 1371 2412 ἀλλὰ
1396 2381 1445 2411 καὶ
1471 2385 1552 2411 πάνυ

226 2427 366 2466 αἰσχρῶς
385 2425 507 2465 (Weil‘)
643 2427 684 2454 26
708 2427 811 2455 ταῦτα
828 2435 892 2455 om.
910 2424 998 2463 vulg.
1018 2436 1023 2454 :
1050 2424 1127 2455 add.
1147 2424 1170 2455 S
1189 2425 1282 2454 solus
