<?xml version="1.0" encoding="UTF-8"?>
<!DOCTYPE html PUBLIC "-//W3C//DTD XHTML 1.0 Transitional//EN"
    "http://www.w3.org/TR/xhtml1/DTD/xhtml1-transitional.dtd">
<html xmlns="http://www.w3.org/1999/xhtml" xml:lang="en" lang="en">
 <head>
  <title>
</title>
<meta http-equiv="Content-Type" content="text/html;charset=utf-8" />
  <meta name='ocr-system' content='tesseract 3.04.00' />
  <meta name='ocr-capabilities' content='ocr_page ocr_carea ocr_par ocr_line ocrx_word'/>
</head>
<body>
  <div class='ocr_page' id='page_1' title='image "./p1orationesrecog02demouoft_0301.png"; bbox 0 0 1737 2734; ppageno 0'>
   <div class='ocr_carea' id='block_1_1' title="bbox 129 520 146 550">
    <p class='ocr_par' dir='ltr' id='par_1_1' title="bbox 129 520 146 550">
     <span class='ocr_line' id='line_1_1' title="bbox 129 520 146 550; baseline 0 0"><span class='ocrx_word' id='word_1_1' title='bbox 129 520 146 550; x_wconf 82' lang='lat'>5</span> 
     </span>
    </p>
   </div>
   <div class='ocr_carea' id='block_1_2' title="bbox 107 852 145 873">
    <p class='ocr_par' dir='ltr' id='par_1_2' title="bbox 107 852 145 873">
     <span class='ocr_line' id='line_1_2' title="bbox 107 852 145 873; baseline 0 0"><span class='ocrx_word' id='word_1_2' title='bbox 107 852 145 873; x_wconf 89' lang='grc'>10</span> 
     </span>
    </p>
   </div>
   <div class='ocr_carea' id='block_1_3' title="bbox 103 1517 142 1539">
    <p class='ocr_par' dir='ltr' id='par_1_3' title="bbox 103 1517 142 1539">
     <span class='ocr_line' id='line_1_3' title="bbox 103 1517 142 1539; baseline 0.026 -1"><span class='ocrx_word' id='word_1_3' title='bbox 103 1517 142 1539; x_wconf 86' lang='grc'>20</span> 
     </span>
    </p>
   </div>
   <div class='ocr_carea' id='block_1_4' title="bbox 101 1849 138 1880">
    <p class='ocr_par' dir='ltr' id='par_1_4' title="bbox 101 1849 138 1880">
     <span class='ocr_line' id='line_1_4' title="bbox 101 1849 138 1880; baseline 0 0"><span class='ocrx_word' id='word_1_4' title='bbox 101 1849 138 1880; x_wconf 83' lang='lat'>25</span> 
     </span>
    </p>
   </div>
   <div class='ocr_carea' id='block_1_5' title="bbox 170 126 1240 182">
    <p class='ocr_par' dir='ltr' id='par_1_5' title="bbox 170 126 1240 182">
     <span class='ocr_line' id='line_1_5' title="bbox 170 126 1240 182; baseline 0 -14"><span class='ocrx_word' id='word_1_5' title='bbox 170 126 269 182; x_wconf 85' lang='lat' dir='ltr'>xxv]</span> <span class='ocrx_word' id='word_1_6' title='bbox 429 128 559 169; x_wconf 81' lang='lat' dir='ltr'><strong>KAT’</strong></span> <span class='ocrx_word' id='word_1_7' title='bbox 608 130 1160 169; x_wconf 76' lang='grc' dir='ltr'>ΑΡΙΣΤΟΓΕΙΤΟΝΟΣ</span> <span class='ocrx_word' id='word_1_8' title='bbox 1208 131 1240 168; x_wconf 94' lang='grc' dir='ltr'>Α</span> 
     </span>
    </p>
   </div>
   <div class='ocr_carea' id='block_1_6' title="bbox 157 234 1502 2384">
    <p class='ocr_par' dir='ltr' id='par_1_6' title="bbox 165 234 1502 819">
     <span class='ocr_line' id='line_1_6' title="bbox 169 234 1500 286; baseline -0.002 -10"><span class='ocrx_word' id='word_1_9' title='bbox 169 235 369 286; x_wconf 79' lang='grc' dir='ltr'>ἐνδείξεως</span> <span class='ocrx_word' id='word_1_10' title='bbox 411 237 472 276; x_wconf 90' lang='grc' dir='ltr'>καὶ</span> <span class='ocrx_word' id='word_1_11' title='bbox 511 240 590 276; x_wconf 83' lang='grc' dir='ltr'>τῶν</span> <span class='ocrx_word' id='word_1_12' title='bbox 631 236 761 286; x_wconf 89' lang='grc' dir='ltr'>νόμων</span> <span class='ocrx_word' id='word_1_13' title='bbox 798 236 927 276; x_wconf 85' lang='grc' dir='ltr'>δίκαια</span> <span class='ocrx_word' id='word_1_14' title='bbox 965 234 1096 282; x_wconf 86' lang='grc' dir='ltr'>αὐτόν,</span> <span class='ocrx_word' id='word_1_15' title='bbox 1136 235 1234 286; x_wconf 88' lang='grc' dir='ltr'>ὅπερ</span> <span class='ocrx_word' id='word_1_16' title='bbox 1274 235 1500 284; x_wconf 87' lang='grc' dir='ltr'>πεποίηκεν,</span> 
     </span>
     <span class='ocr_line' id='line_1_7' title="bbox 168 301 1502 354; baseline 0.001 -13"><span class='ocrx_word' id='word_1_17' title='bbox 168 306 392 354; x_wconf 64' lang='grc' dir='ltr'>λυκοῦργον</span> <span class='ocrx_word' id='word_1_18' title='bbox 409 304 512 354; x_wconf 85' lang='grc' dir='ltr'>ἐρεῖν</span> <span class='ocrx_word' id='word_1_19' title='bbox 528 303 717 354; x_wconf 83' lang='grc' dir='ltr'>ἡγούμην,</span> <span class='ocrx_word' id='word_1_20' title='bbox 738 303 800 342; x_wconf 83' lang='grc' dir='ltr'>καὶ</span> <span class='ocrx_word' id='word_1_21' title='bbox 816 302 905 344; x_wconf 76' lang='grc' dir='ltr'>τοὺς</span> <span class='ocrx_word' id='word_1_22' title='bbox 923 301 1120 354; x_wconf 86' lang='grc' dir='ltr'>μάρτυρας</span> <span class='ocrx_word' id='word_1_23' title='bbox 1140 303 1209 351; x_wconf 85' lang='grc' dir='ltr'>τῆς</span> <span class='ocrx_word' id='word_1_24' title='bbox 1226 302 1416 352; x_wconf 85' lang='grc' dir='ltr'>πονηρίας</span> <span class='ocrx_word' id='word_1_25' title='bbox 1434 303 1502 351; x_wconf 87' lang='grc' dir='ltr'>τῆς</span> 
     </span>
     <span class='ocr_line' id='line_1_8' title="bbox 167 368 1502 421; baseline -0.001 -12"><span class='ocrx_word' id='word_1_26' title='bbox 167 370 305 409; x_wconf 85' lang='grc' dir='ltr'>τούτου</span> <span class='ocrx_word' id='word_1_27' title='bbox 329 373 467 409; x_wconf 84' lang='grc' dir='ltr'>τοῦτον</span> <span class='ocrx_word' id='word_1_28' title='bbox 497 370 629 420; x_wconf 84' lang='grc' dir='ltr'>ἑώρων</span> <span class='ocrx_word' id='word_1_29' title='bbox 654 370 1020 421; x_wconf 89' lang='grc' dir='ltr'>προσκαλούμενον·</span> <span class='ocrx_word' id='word_1_30' title='bbox 1056 369 1081 409; x_wconf 74' lang='grc' dir='ltr'><strong><em>ἃ</em></strong></span> <span class='ocrx_word' id='word_1_31' title='bbox 1106 370 1147 409; x_wconf 83' lang='grc' dir='ltr'>δὲ</span> <span class='ocrx_word' id='word_1_32' title='bbox 1175 368 1236 408; x_wconf 83' lang='grc' dir='ltr'>καὶ</span> <span class='ocrx_word' id='word_1_33' title='bbox 1266 368 1502 420; x_wconf 77' lang='grc' dir='ltr'>λογίζεσθαι</span> 
     </span>
     <span class='ocr_line' id='line_1_9' title="bbox 166 433 1501 487; baseline 0.001 -13"><span class='ocrx_word' id='word_1_34' title='bbox 166 436 256 478; x_wconf 81' lang='grc' dir='ltr'>τοὺς</span> <span class='ocrx_word' id='word_1_35' title='bbox 288 437 385 487; x_wconf 81' lang='grc' dir='ltr'>ὑπὲρ</span> <span class='ocrx_word' id='word_1_36' title='bbox 417 437 572 478; x_wconf 89' lang='grc' dir='ltr'>πόλεως</span> <span class='ocrx_word' id='word_1_37' title='bbox 606 436 668 475; x_wconf 84' lang='grc' dir='ltr'>καὶ</span> <span class='ocrx_word' id='word_1_38' title='bbox 697 436 828 486; x_wconf 89' lang='grc' dir='ltr'>νόμων</span> <span class='ocrx_word' id='word_1_39' title='bbox 861 434 1177 486; x_wconf 78' lang='grc' dir='ltr'>βουλευομένους</span> <span class='ocrx_word' id='word_1_40' title='bbox 1211 433 1406 486; x_wconf 88' lang='grc' dir='ltr'>προσήκει</span> <span class='ocrx_word' id='word_1_41' title='bbox 1439 436 1501 475; x_wconf 88' lang='grc' dir='ltr'>καὶ</span> 
     </span>
     <span class='ocr_line' id='line_1_10' title="bbox 167 501 1500 558; baseline 0 -17"><span class='ocrx_word' id='word_1_42' title='bbox 167 505 408 543; x_wconf 84' lang='grc' dir='ltr'>σκοπεῖσθαι</span> <span class='ocrx_word' id='word_1_43' title='bbox 432 506 502 548; x_wconf 95' lang='grc' dir='ltr'>δεῖ,</span> <span class='ocrx_word' id='word_1_44' title='bbox 527 506 648 542; x_wconf 78' lang='grc' dir='ltr'>ταῦτα</span> <span class='ocrx_word' id='word_1_45' title='bbox 672 502 923 558; x_wconf 84' lang='grc' dir='ltr'>προῃρούμην</span> <span class='ocrx_word' id='word_1_46' title='bbox 950 503 1086 547; x_wconf 84' lang='grc' dir='ltr'>εἰπεῖν,</span> <span class='ocrx_word' id='word_1_47' title='bbox 1111 502 1172 541; x_wconf 88' lang='grc' dir='ltr'>καὶ</span> <span class='ocrx_word' id='word_1_48' title='bbox 1198 505 1267 541; x_wconf 83' lang='grc' dir='ltr'>νῦν</span> <span class='ocrx_word' id='word_1_49' title='bbox 1294 501 1358 542; x_wconf 86' lang='grc' dir='ltr'>ἐπὶ</span> <span class='ocrx_word' id='word_1_50' title='bbox 1381 504 1500 541; x_wconf 81' lang='grc' dir='ltr'>ταῦτα</span> 
     </span>
     <span class='ocr_line' id='line_1_11' title="bbox 167 567 1497 621; baseline -0.001 -12"><span class='ocrx_word' id='word_1_51' title='bbox 167 570 423 621; x_wconf 84' lang='grc' dir='ltr'>πορεύσομαι.</span> <span class='ocrx_word' id='word_1_52' title='bbox 496 570 583 608; x_wconf 84' lang='grc' dir='ltr'>δότε</span> <span class='ocrx_word' id='word_1_53' title='bbox 619 568 667 614; x_wconf 88' lang='grc' dir='ltr'>δ’,</span> <span class='ocrx_word' id='word_1_54' title='bbox 703 567 732 609; x_wconf 73' lang='grc' dir='ltr'>ὦ</span> <span class='ocrx_word' id='word_1_55' title='bbox 766 568 904 620; x_wconf 83' lang='grc' dir='ltr'>ἄνδρες</span> <span class='ocrx_word' id='word_1_56' title='bbox 935 568 1151 619; x_wconf 86' lang='grc' dir='ltr'>Ἀθηναῖοι,</span> <span class='ocrx_word' id='word_1_57' title='bbox 1185 568 1273 608; x_wconf 85' lang='grc' dir='ltr'>δότε</span> <span class='ocrx_word' id='word_1_58' title='bbox 1309 567 1371 608; x_wconf 83' lang='grc' dir='ltr'>καὶ</span> <span class='ocrx_word' id='word_1_59' title='bbox 1402 585 1497 620; x_wconf 87' lang='grc' dir='ltr'>συγ-</span> 
     </span>
     <span class='ocr_line' id='line_1_12' title="bbox 165 632 1499 691; baseline 0.001 -17"><span class='ocrx_word' id='word_1_60' title='bbox 165 634 376 688; x_wconf 79' lang='grc' dir='ltr'>χωρήσατε</span> <span class='ocrx_word' id='word_1_61' title='bbox 404 653 471 686; x_wconf 91' lang='grc' dir='ltr'>μοι</span> <span class='ocrx_word' id='word_1_62' title='bbox 501 635 597 687; x_wconf 82' lang='grc' dir='ltr'>πρὸς</span> <span class='ocrx_word' id='word_1_63' title='bbox 630 636 740 681; x_wconf 87' lang='grc' dir='ltr'>Διός,</span> <span class='ocrx_word' id='word_1_64' title='bbox 778 635 828 677; x_wconf 83' lang='grc' dir='ltr'>ὡς</span> <span class='ocrx_word' id='word_1_65' title='bbox 858 634 1018 688; x_wconf 82' lang='grc' dir='ltr'>πέφυκα</span> <span class='ocrx_word' id='word_1_66' title='bbox 1050 635 1112 675; x_wconf 84' lang='grc' dir='ltr'>καὶ</span> <span class='ocrx_word' id='word_1_67' title='bbox 1146 632 1379 691; x_wconf 81' lang='grc' dir='ltr'>προῄρημαι,</span> <span class='ocrx_word' id='word_1_68' title='bbox 1410 636 1499 687; x_wconf 80' lang='grc' dir='ltr'>περὶ</span> 
     </span>
     <span class='ocr_line' id='line_1_13' title="bbox 165 701 1499 755; baseline 0.001 -14"><span class='ocrx_word' id='word_1_69' title='bbox 165 703 313 743; x_wconf 87' lang='grc' dir='ltr'>τούτων</span> <span class='ocrx_word' id='word_1_70' title='bbox 351 705 608 755; x_wconf 80' lang='grc' dir='ltr'>διαλεχθῆναι</span> <span class='ocrx_word' id='word_1_71' title='bbox 649 702 746 755; x_wconf 82' lang='grc' dir='ltr'>πρὸς</span> <span class='ocrx_word' id='word_1_72' title='bbox 784 703 895 753; x_wconf 76' lang='grc' dir='ltr'>ὑμᾶς·</span> <span class='ocrx_word' id='word_1_73' title='bbox 948 703 1011 743; x_wconf 85' lang='grc' dir='ltr'>καὶ</span> <span class='ocrx_word' id='word_1_74' title='bbox 1048 704 1123 754; x_wconf 81' lang='grc' dir='ltr'>γὰρ</span> <span class='ocrx_word' id='word_1_75' title='bbox 1160 701 1239 742; x_wconf 82' lang='grc' dir='ltr'>οὐδ’</span> <span class='ocrx_word' id='word_1_76' title='bbox 1278 701 1327 742; x_wconf 77' lang='grc' dir='ltr'>ἂν</span> <span class='ocrx_word' id='word_1_77' title='bbox 1366 701 1499 744; x_wconf 83' lang='grc' dir='ltr'>ἄλλως</span> 
     </span>
     <span class='ocr_line' id='line_1_14' title="bbox 165 770 364 819; baseline 0.005 -11"><span class='ocrx_word' id='word_1_78' title='bbox 165 770 364 819; x_wconf 83' lang='grc' dir='ltr'>δυναίμην.</span> 
     </span>
    </p>

    <p class='ocr_par' dir='ltr' id='par_1_7' title="bbox 160 834 1498 1892">
     <span class='ocr_line' id='line_1_15' title="bbox 224 834 1498 889; baseline 0.002 -15"><span class='ocrx_word' id='word_1_79' title='bbox 224 834 355 878; x_wconf 66' lang='grc' dir='ltr'>’Ἀπας</span> <span class='ocrx_word' id='word_1_80' title='bbox 389 837 409 875; x_wconf 88' lang='grc' dir='ltr'>ὁ</span> <span class='ocrx_word' id='word_1_81' title='bbox 441 840 518 876; x_wconf 84' lang='grc' dir='ltr'>τῶν</span> <span class='ocrx_word' id='word_1_82' title='bbox 556 837 773 887; x_wconf 83' lang='grc' dir='ltr'>ἀνθρώπων</span> <span class='ocrx_word' id='word_1_83' title='bbox 803 838 906 887; x_wconf 73' lang='grc' dir='ltr'>βίος,</span> <span class='ocrx_word' id='word_1_84' title='bbox 941 834 970 876; x_wconf 67' lang='grc' dir='ltr'>ὦ</span> <span class='ocrx_word' id='word_1_85' title='bbox 1006 836 1143 889; x_wconf 83' lang='grc' dir='ltr'>ἄνδρες</span> <span class='ocrx_word' id='word_1_86' title='bbox 1175 835 1392 886; x_wconf 85' lang='grc' dir='ltr'>Ἀθηναῖοι,</span> <span class='ocrx_word' id='word_1_87' title='bbox 1426 835 1498 876; x_wconf 76' lang='grc' dir='ltr'>κᾶν</span> 
     </span>
     <span class='ocr_line' id='line_1_16' title="bbox 163 901 1496 956; baseline 0 -14"><span class='ocrx_word' id='word_1_88' title='bbox 163 901 343 954; x_wconf 86' lang='grc' dir='ltr'>μεγάλην</span> <span class='ocrx_word' id='word_1_89' title='bbox 360 903 479 943; x_wconf 88' lang='grc' dir='ltr'>πόλιν</span> <span class='ocrx_word' id='word_1_90' title='bbox 495 905 635 943; x_wconf 83' lang='grc' dir='ltr'>οἰκῶσι</span> <span class='ocrx_word' id='word_1_91' title='bbox 652 902 722 943; x_wconf 85' lang='grc' dir='ltr'>κᾶν</span> <span class='ocrx_word' id='word_1_92' title='bbox 738 902 893 955; x_wconf 77' lang='grc' dir='ltr'>μικράν,</span> <span class='ocrx_word' id='word_1_93' title='bbox 910 904 1032 956; x_wconf 88' lang='grc' dir='ltr'>φύσει</span> <span class='ocrx_word' id='word_1_94' title='bbox 1049 904 1112 944; x_wconf 81' lang='grc' dir='ltr'>καὶ</span> <span class='ocrx_word' id='word_1_95' title='bbox 1128 904 1263 954; x_wconf 90' lang='grc' dir='ltr'>νόμοις</span> <span class='ocrx_word' id='word_1_96' title='bbox 1281 905 1496 942; x_wconf 82' lang='grc' dir='ltr'>διοικεῖται.</span> 
     </span>
     <span class='ocr_line' id='line_1_17' title="bbox 163 969 1497 1021; baseline 0.001 -14"><span class='ocrx_word' id='word_1_97' title='bbox 163 969 312 1010; x_wconf 86' lang='grc' dir='ltr'>τούτων</span> <span class='ocrx_word' id='word_1_98' title='bbox 345 969 378 1009; x_wconf 89' lang='grc' dir='ltr'>δ’</span> <span class='ocrx_word' id='word_1_99' title='bbox 407 970 429 1020; x_wconf 84' lang='grc' dir='ltr'>ἡ</span> <span class='ocrx_word' id='word_1_100' title='bbox 458 972 531 1020; x_wconf 80' lang='grc' dir='ltr'>μὲν</span> <span class='ocrx_word' id='word_1_101' title='bbox 562 970 683 1021; x_wconf 83' lang='grc' dir='ltr'>φύσις</span> <span class='ocrx_word' id='word_1_102' title='bbox 712 970 824 1009; x_wconf 84' lang='grc' dir='ltr'>ἐστὶν</span> <span class='ocrx_word' id='word_1_103' title='bbox 854 970 1022 1010; x_wconf 82' lang='grc' dir='ltr'>ἄτακτον</span> <span class='ocrx_word' id='word_1_104' title='bbox 1052 971 1114 1010; x_wconf 88' lang='grc' dir='ltr'>καὶ</span> <span class='ocrx_word' id='word_1_105' title='bbox 1147 969 1230 1010; x_wconf 81' lang='grc' dir='ltr'>κατ’</span> <span class='ocrx_word' id='word_1_106' title='bbox 1260 969 1368 1021; x_wconf 82' lang='grc' dir='ltr'>ἄνδρ’</span> <span class='ocrx_word' id='word_1_107' title='bbox 1398 971 1497 1010; x_wconf 84' lang='grc' dir='ltr'>ἴδιον</span> 
     </span>
     <span class='ocr_line' id='line_1_18' title="bbox 163 1035 1497 1089; baseline 0.001 -14"><span class='ocrx_word' id='word_1_108' title='bbox 163 1039 231 1075; x_wconf 86' lang='grc' dir='ltr'>τοῦ</span> <span class='ocrx_word' id='word_1_109' title='bbox 259 1036 435 1089; x_wconf 78' lang='grc' dir='ltr'>ἔχοντος,</span> <span class='ocrx_word' id='word_1_110' title='bbox 467 1039 503 1077; x_wconf 84' lang='grc' dir='ltr'>οἱ</span> <span class='ocrx_word' id='word_1_111' title='bbox 537 1038 578 1076; x_wconf 82' lang='grc' dir='ltr'>δὲ</span> <span class='ocrx_word' id='word_1_112' title='bbox 609 1037 723 1087; x_wconf 89' lang='grc' dir='ltr'>νόμοι</span> <span class='ocrx_word' id='word_1_113' title='bbox 751 1036 883 1077; x_wconf 87' lang='grc' dir='ltr'>κοινὸν</span> <span class='ocrx_word' id='word_1_114' title='bbox 917 1038 979 1076; x_wconf 87' lang='grc' dir='ltr'>καὶ</span> <span class='ocrx_word' id='word_1_115' title='bbox 1009 1035 1251 1089; x_wconf 81' lang='grc' dir='ltr'>τεταγμένον</span> <span class='ocrx_word' id='word_1_116' title='bbox 1286 1036 1348 1076; x_wconf 87' lang='grc' dir='ltr'>καὶ</span> <span class='ocrx_word' id='word_1_117' title='bbox 1378 1035 1497 1076; x_wconf 80' lang='grc' dir='ltr'>ταύτὸ</span> 
     </span>
     <span class='ocr_line' id='line_1_19' title="bbox 165 1101 1496 1158; baseline 0.001 -16"><span class='ocrx_word' id='word_1_118' title='bbox 165 1105 299 1143; x_wconf 81' lang='grc' dir='ltr'>πᾶσιν.</span> <span class='ocrx_word' id='word_1_119' title='bbox 373 1103 395 1153; x_wconf 89' lang='grc' dir='ltr'>ἡ</span> <span class='ocrx_word' id='word_1_120' title='bbox 425 1105 498 1153; x_wconf 78' lang='grc' dir='ltr'>μὲν</span> <span class='ocrx_word' id='word_1_121' title='bbox 531 1103 599 1143; x_wconf 71' lang='grc' dir='ltr'>οὖν</span> <span class='ocrx_word' id='word_1_122' title='bbox 629 1103 763 1155; x_wconf 83' lang='grc' dir='ltr'>φύσις,</span> <span class='ocrx_word' id='word_1_123' title='bbox 796 1101 843 1143; x_wconf 85' lang='grc' dir='ltr'>ἂν</span> <span class='ocrx_word' id='word_1_124' title='bbox 875 1102 900 1158; x_wconf 79' lang='grc' dir='ltr'><em>ᾗ</em></span> <span class='ocrx_word' id='word_1_125' title='bbox 933 1102 1097 1155; x_wconf 84' lang='grc' dir='ltr'>πονηρά,</span> <span class='ocrx_word' id='word_1_126' title='bbox 1130 1102 1327 1144; x_wconf 85' lang='grc' dir='ltr'>πολλάκις</span> <span class='ocrx_word' id='word_1_127' title='bbox 1360 1106 1496 1155; x_wconf 85' lang='grc' dir='ltr'>φαῦλα</span> 
     </span>
     <span class='ocr_line' id='line_1_20' title="bbox 162 1169 1493 1222; baseline 0.001 -14"><span class='ocrx_word' id='word_1_128' title='bbox 162 1170 367 1219; x_wconf 78' lang='grc' dir='ltr'>βούλεται·</span> <span class='ocrx_word' id='word_1_129' title='bbox 417 1170 552 1220; x_wconf 88' lang='grc' dir='ltr'>διόπερ</span> <span class='ocrx_word' id='word_1_130' title='bbox 582 1170 671 1211; x_wconf 85' lang='grc' dir='ltr'>τοὺς</span> <span class='ocrx_word' id='word_1_131' title='bbox 696 1169 894 1211; x_wconf 85' lang='grc' dir='ltr'>τοιούτους</span> <span class='ocrx_word' id='word_1_132' title='bbox 924 1169 1269 1221; x_wconf 78' lang='grc' dir='ltr'>ἐξαμαρτάνοντας</span> <span class='ocrx_word' id='word_1_133' title='bbox 1295 1169 1493 1222; x_wconf 85' lang='grc' dir='ltr'>εὑρήσετε.</span> 
     </span>
     <span class='ocr_line' id='line_1_21' title="bbox 161 1235 1492 1288; baseline 0.001 -13"><span class='ocrx_word' id='word_1_134' title='bbox 161 1237 260 1276; x_wconf 77' lang='grc' dir='ltr'>οἶδὲ</span> <span class='ocrx_word' id='word_1_135' title='bbox 284 1237 396 1287; x_wconf 89' lang='grc' dir='ltr'>νόμοι</span> <span class='ocrx_word' id='word_1_136' title='bbox 422 1236 467 1275; x_wconf 86' lang='grc' dir='ltr'>τὸ</span> <span class='ocrx_word' id='word_1_137' title='bbox 492 1237 643 1276; x_wconf 90' lang='grc' dir='ltr'>δίκαιον</span> <span class='ocrx_word' id='word_1_138' title='bbox 675 1236 737 1275; x_wconf 82' lang='grc' dir='ltr'>καὶ</span> <span class='ocrx_word' id='word_1_139' title='bbox 766 1236 811 1276; x_wconf 86' lang='grc' dir='ltr'>τὸ</span> <span class='ocrx_word' id='word_1_140' title='bbox 842 1236 965 1276; x_wconf 83' lang='grc' dir='ltr'>καλὸν</span> <span class='ocrx_word' id='word_1_141' title='bbox 996 1235 1059 1276; x_wconf 78' lang='grc' dir='ltr'>καὶ</span> <span class='ocrx_word' id='word_1_142' title='bbox 1089 1239 1133 1276; x_wconf 90' lang='grc' dir='ltr'>τό</span> <span class='ocrx_word' id='word_1_143' title='bbox 1165 1236 1372 1288; x_wconf 84' lang='grc' dir='ltr'>συμφέρον</span> <span class='ocrx_word' id='word_1_144' title='bbox 1395 1237 1492 1287; x_wconf 80' lang='grc' dir='ltr'>βού-</span> 
     </span>
     <span class='ocr_line' id='line_1_22' title="bbox 161 1303 1494 1359; baseline 0 -17"><span class='ocrx_word' id='word_1_145' title='bbox 161 1308 314 1348; x_wconf 86' lang='grc' dir='ltr'>λονται,</span> <span class='ocrx_word' id='word_1_146' title='bbox 336 1303 397 1343; x_wconf 86' lang='grc' dir='ltr'>καὶ</span> <span class='ocrx_word' id='word_1_147' title='bbox 423 1307 535 1343; x_wconf 81' lang='grc' dir='ltr'>τοῦτο</span> <span class='ocrx_word' id='word_1_148' title='bbox 563 1303 756 1352; x_wconf 78' lang='grc' dir='ltr'>ζητοῦσιν,</span> <span class='ocrx_word' id='word_1_149' title='bbox 781 1303 843 1342; x_wconf 87' lang='grc' dir='ltr'>καὶ</span> <span class='ocrx_word' id='word_1_150' title='bbox 868 1304 1026 1343; x_wconf 81' lang='grc' dir='ltr'>ἐπειδᾶν</span> <span class='ocrx_word' id='word_1_151' title='bbox 1054 1304 1204 1359; x_wconf 83' lang='grc' dir='ltr'>εὑρεθῇ,</span> <span class='ocrx_word' id='word_1_152' title='bbox 1228 1303 1357 1344; x_wconf 84' lang='grc' dir='ltr'>κοινὸν</span> <span class='ocrx_word' id='word_1_153' title='bbox 1381 1307 1494 1343; x_wconf 78' lang='grc' dir='ltr'>τοῦτο</span> 
     </span>
     <span class='ocr_line' id='line_1_23' title="bbox 162 1369 1495 1423; baseline 0 -13"><span class='ocrx_word' id='word_1_154' title='bbox 162 1369 384 1422; x_wconf 87' lang='grc' dir='ltr'>πρόσταγμ’</span> <span class='ocrx_word' id='word_1_155' title='bbox 408 1370 638 1423; x_wconf 81' lang='grc' dir='ltr'>ἀπεδείχθη,</span> <span class='ocrx_word' id='word_1_156' title='bbox 665 1372 789 1410; x_wconf 76' lang='grc' dir='ltr'>πᾶσιν</span> <span class='ocrx_word' id='word_1_157' title='bbox 812 1371 904 1410; x_wconf 82' lang='grc' dir='ltr'>ἴσον</span> <span class='ocrx_word' id='word_1_158' title='bbox 931 1370 993 1410; x_wconf 85' lang='grc' dir='ltr'>καὶ</span> <span class='ocrx_word' id='word_1_159' title='bbox 1019 1371 1169 1421; x_wconf 88' lang='grc' dir='ltr'>ὅμοιον,</span> <span class='ocrx_word' id='word_1_160' title='bbox 1193 1371 1254 1410; x_wconf 85' lang='grc' dir='ltr'>καὶ</span> <span class='ocrx_word' id='word_1_161' title='bbox 1279 1369 1381 1410; x_wconf 82' lang='grc' dir='ltr'>τοῦτ’</span> <span class='ocrx_word' id='word_1_162' title='bbox 1407 1370 1495 1410; x_wconf 84' lang='grc' dir='ltr'>ἔστι</span> 
     </span>
     <span class='ocr_line' id='line_1_24' title="bbox 162 1434 1494 1491; baseline 0 -15"><span class='ocrx_word' id='word_1_163' title='bbox 162 1436 291 1486; x_wconf 90' lang='grc' dir='ltr'>νόμος.</span> <span class='ocrx_word' id='word_1_164' title='bbox 352 1434 382 1491; x_wconf 78' lang='grc' dir='ltr'><em>ᾧ</em></span> <span class='ocrx_word' id='word_1_165' title='bbox 396 1436 546 1478; x_wconf 83' lang='grc' dir='ltr'>πάντας</span> <span class='ocrx_word' id='word_1_166' title='bbox 562 1438 771 1476; x_wconf 88' lang='grc' dir='ltr'>πείθεσθαι</span> <span class='ocrx_word' id='word_1_167' title='bbox 790 1435 983 1489; x_wconf 88' lang='grc' dir='ltr'>προσήκει</span> <span class='ocrx_word' id='word_1_168' title='bbox 1006 1438 1068 1476; x_wconf 75' lang='grc' dir='ltr'>διὰ</span> <span class='ocrx_word' id='word_1_169' title='bbox 1085 1436 1231 1482; x_wconf 89' lang='grc' dir='ltr'>πολλά,</span> <span class='ocrx_word' id='word_1_170' title='bbox 1252 1438 1314 1477; x_wconf 82' lang='grc' dir='ltr'>καὶ</span> <span class='ocrx_word' id='word_1_171' title='bbox 1330 1436 1494 1487; x_wconf 75' lang='grc' dir='ltr'>μάλισθ’</span> 
     </span>
     <span class='ocr_line' id='line_1_25' title="bbox 161 1503 1493 1555; baseline 0.002 -13"><span class='ocrx_word' id='word_1_172' title='bbox 161 1503 224 1543; x_wconf 84' lang='grc' dir='ltr'>ὅτι</span> <span class='ocrx_word' id='word_1_173' title='bbox 255 1506 332 1545; x_wconf 81' lang='grc' dir='ltr'>πᾶς</span> <span class='ocrx_word' id='word_1_174' title='bbox 362 1504 449 1543; x_wconf 84' lang='grc' dir='ltr'>ἐστι</span> <span class='ocrx_word' id='word_1_175' title='bbox 479 1504 597 1553; x_wconf 86' lang='grc' dir='ltr'>νόμος</span> <span class='ocrx_word' id='word_1_176' title='bbox 629 1504 774 1555; x_wconf 86' lang='grc' dir='ltr'>εὕρημα</span> <span class='ocrx_word' id='word_1_177' title='bbox 804 1505 877 1554; x_wconf 82' lang='grc' dir='ltr'>μὲν</span> <span class='ocrx_word' id='word_1_178' title='bbox 908 1504 970 1543; x_wconf 87' lang='grc' dir='ltr'>καὶ</span> <span class='ocrx_word' id='word_1_179' title='bbox 1001 1506 1126 1555; x_wconf 87' lang='grc' dir='ltr'>δῶρον</span> <span class='ocrx_word' id='word_1_180' title='bbox 1155 1506 1268 1549; x_wconf 82' lang='grc' dir='ltr'>θεῶν,</span> <span class='ocrx_word' id='word_1_181' title='bbox 1301 1504 1427 1555; x_wconf 86' lang='grc' dir='ltr'>δόγμα</span> <span class='ocrx_word' id='word_1_182' title='bbox 1460 1503 1493 1544; x_wconf 80' lang='grc' dir='ltr'>δ’</span> 
     </span>
     <span class='ocr_line' id='line_1_26' title="bbox 162 1570 1494 1622; baseline 0.001 -13"><span class='ocrx_word' id='word_1_183' title='bbox 162 1570 378 1621; x_wconf 83' lang='grc' dir='ltr'>ἀνθρώπων</span> <span class='ocrx_word' id='word_1_184' title='bbox 419 1571 637 1621; x_wconf 84' lang='grc' dir='ltr'>φρονίμων,</span> <span class='ocrx_word' id='word_1_185' title='bbox 681 1570 944 1622; x_wconf 82' lang='grc' dir='ltr'>ἐπανόρθωμα</span> <span class='ocrx_word' id='word_1_186' title='bbox 992 1573 1033 1610; x_wconf 82' lang='grc' dir='ltr'>δὲ</span> <span class='ocrx_word' id='word_1_187' title='bbox 1076 1574 1153 1610; x_wconf 87' lang='grc' dir='ltr'>τῶν</span> <span class='ocrx_word' id='word_1_188' title='bbox 1197 1571 1388 1611; x_wconf 82' lang='grc' dir='ltr'>ἑκουσίων</span> <span class='ocrx_word' id='word_1_189' title='bbox 1432 1572 1494 1611; x_wconf 86' lang='grc' dir='ltr'>καὶ</span> 
     </span>
     <span class='ocr_line' id='line_1_27' title="bbox 161 1636 1494 1689; baseline 0.001 -13"><span class='ocrx_word' id='word_1_190' title='bbox 161 1637 361 1677; x_wconf 83' lang='grc' dir='ltr'>ἀκουσίων</span> <span class='ocrx_word' id='word_1_191' title='bbox 390 1636 692 1689; x_wconf 83' lang='grc' dir='ltr'>ἁμαρτημάτων,</span> <span class='ocrx_word' id='word_1_192' title='bbox 719 1637 873 1679; x_wconf 88' lang='grc' dir='ltr'>πόλεως</span> <span class='ocrx_word' id='word_1_193' title='bbox 904 1640 946 1678; x_wconf 81' lang='grc' dir='ltr'>δὲ</span> <span class='ocrx_word' id='word_1_194' title='bbox 978 1636 1152 1687; x_wconf 85' lang='grc' dir='ltr'>συνθήκη</span> <span class='ocrx_word' id='word_1_195' title='bbox 1185 1637 1306 1687; x_wconf 86' lang='grc' dir='ltr'>κοινή,</span> <span class='ocrx_word' id='word_1_196' title='bbox 1335 1636 1420 1677; x_wconf 81' lang='grc' dir='ltr'>καθ’</span> <span class='ocrx_word' id='word_1_197' title='bbox 1445 1636 1494 1687; x_wconf 84' lang='grc' dir='ltr'>ἣν</span> 
     </span>
     <span class='ocr_line' id='line_1_28' title="bbox 161 1702 1493 1760; baseline 0.002 -17"><span class='ocrx_word' id='word_1_198' title='bbox 161 1705 260 1743; x_wconf 80' lang='grc' dir='ltr'>πᾶσι</span> <span class='ocrx_word' id='word_1_199' title='bbox 298 1702 491 1755; x_wconf 90' lang='grc' dir='ltr'>προσήκει</span> <span class='ocrx_word' id='word_1_200' title='bbox 525 1703 592 1754; x_wconf 80' lang='grc' dir='ltr'>ζῆν</span> <span class='ocrx_word' id='word_1_201' title='bbox 621 1707 702 1746; x_wconf 88' lang='grc' dir='ltr'>τοῖς</span> <span class='ocrx_word' id='word_1_202' title='bbox 736 1706 777 1744; x_wconf 87' lang='grc' dir='ltr'>ἐν</span> <span class='ocrx_word' id='word_1_203' title='bbox 810 1705 856 1760; x_wconf 79' lang='grc' dir='ltr'>τῇ</span> <span class='ocrx_word' id='word_1_204' title='bbox 890 1705 1019 1744; x_wconf 91' lang='grc' dir='ltr'>πόλει.</span> <span class='ocrx_word' id='word_1_205' title='bbox 1092 1705 1199 1744; x_wconf 80' lang='grc' dir='ltr'>ἀλλὰ</span> <span class='ocrx_word' id='word_1_206' title='bbox 1227 1704 1305 1755; x_wconf 82' lang='grc' dir='ltr'>μὴν</span> <span class='ocrx_word' id='word_1_207' title='bbox 1338 1705 1398 1744; x_wconf 89' lang='grc' dir='ltr'>ὅτι</span> <span class='ocrx_word' id='word_1_208' title='bbox 1425 1707 1493 1745; x_wconf 79' lang='grc' dir='ltr'>νῦν</span> 
     </span>
     <span class='ocr_line' id='line_1_29' title="bbox 160 1769 1490 1822; baseline 0 -12"><span class='ocrx_word' id='word_1_209' title='bbox 160 1769 466 1822; x_wconf 81' lang='grc' dir='ltr'>Ἀριστογείτων</span> <span class='ocrx_word' id='word_1_210' title='bbox 485 1774 568 1812; x_wconf 87' lang='grc' dir='ltr'>τοῖς</span> <span class='ocrx_word' id='word_1_211' title='bbox 591 1772 663 1821; x_wconf 77' lang='grc' dir='ltr'>μὲν</span> <span class='ocrx_word' id='word_1_212' title='bbox 682 1773 751 1821; x_wconf 84' lang='grc' dir='ltr'>τῆς</span> <span class='ocrx_word' id='word_1_213' title='bbox 771 1769 976 1821; x_wconf 78' lang='grc' dir='ltr'>ἐνδείξεως</span> <span class='ocrx_word' id='word_1_214' title='bbox 1003 1771 1165 1812; x_wconf 88' lang='grc' dir='ltr'>δικαίοις</span> <span class='ocrx_word' id='word_1_215' title='bbox 1189 1770 1340 1811; x_wconf 76' lang='grc' dir='ltr'>ἅπασιν</span> <span class='ocrx_word' id='word_1_216' title='bbox 1366 1770 1490 1810; x_wconf 84' lang='grc' dir='ltr'>ἑάλω-</span> 
     </span>
     <span class='ocr_line' id='line_1_30' title="bbox 161 1836 1493 1892; baseline 0.001 -16"><span class='ocrx_word' id='word_1_217' title='bbox 161 1854 240 1883; x_wconf 86' lang='grc' dir='ltr'>κεν,</span> <span class='ocrx_word' id='word_1_218' title='bbox 275 1837 405 1888; x_wconf 84' lang='grc' dir='ltr'>ἕτερος</span> <span class='ocrx_word' id='word_1_219' title='bbox 443 1837 477 1876; x_wconf 82' lang='grc' dir='ltr'>δ’</span> <span class='ocrx_word' id='word_1_220' title='bbox 515 1836 605 1878; x_wconf 79' lang='grc' dir='ltr'>οὐδὲ</span> <span class='ocrx_word' id='word_1_221' title='bbox 643 1838 697 1879; x_wconf 74' lang='grc' dir='ltr'>εἷς</span> <span class='ocrx_word' id='word_1_222' title='bbox 739 1839 849 1878; x_wconf 81' lang='grc' dir='ltr'>ἔστιν</span> <span class='ocrx_word' id='word_1_223' title='bbox 890 1838 1052 1880; x_wconf 85' lang='grc' dir='ltr'>ἀνεκτὸς</span> <span class='ocrx_word' id='word_1_224' title='bbox 1090 1838 1190 1892; x_wconf 79' lang='grc' dir='ltr'>αὐτῷ</span> <span class='ocrx_word' id='word_1_225' title='bbox 1229 1838 1363 1890; x_wconf 92' lang='grc' dir='ltr'>λόγος,</span> <span class='ocrx_word' id='word_1_226' title='bbox 1405 1838 1493 1888; x_wconf 84' lang='grc' dir='ltr'>περὶ</span> 
     </span>
    </p>

    <p class='ocr_par' dir='ltr' id='par_1_8' title="bbox 157 1946 1496 2384">
     <span class='ocr_line' id='line_1_31' title="bbox 202 1946 1496 1987; baseline 0.001 -10"><span class='ocrx_word' id='word_1_227' title='bbox 202 1958 220 1984; x_wconf 88' lang='grc'>4</span> <span class='ocrx_word' id='word_1_228' title='bbox 245 1949 313 1978; x_wconf 82' lang='grc' dir='ltr'>τοῖς</span> <span class='ocrx_word' id='word_1_229' title='bbox 333 1972 339 1977; x_wconf 97' lang='grc'><em>.</em></span> <span class='ocrx_word' id='word_1_230' title='bbox 359 1971 366 1978; x_wconf 88' lang='grc'><strong>.</strong></span> <span class='ocrx_word' id='word_1_231' title='bbox 387 1970 394 1978; x_wconf 91' lang='grc'><strong>.</strong></span> <span class='ocrx_word' id='word_1_232' title='bbox 416 1946 662 1986; x_wconf 81' lang='grc' dir='ltr'>βουλευομένοις</span> <span class='ocrx_word' id='word_1_233' title='bbox 681 1947 760 1979; x_wconf 81' lang='lat' dir='ltr'>FO.</span> <span class='ocrx_word' id='word_1_234' title='bbox 781 1948 822 1978; x_wconf 87' lang='lat' dir='ltr'>cf.</span> <span class='ocrx_word' id='word_1_235' title='bbox 843 1959 862 1977; x_wconf 82' lang='lat' dir='ltr'>v</span> <span class='ocrx_word' id='word_1_236' title='bbox 886 1959 905 1987; x_wconf 86' lang='lat'><strong>3</strong></span> <span class='ocrx_word' id='word_1_237' title='bbox 1044 1958 1109 1986; x_wconf 85' lang='lat'>4-5</span> <span class='ocrx_word' id='word_1_238' title='bbox 1134 1948 1275 1978; x_wconf 80' lang='lat' dir='ltr'>alterum</span> <span class='ocrx_word' id='word_1_239' title='bbox 1295 1949 1344 1979; x_wconf 72' lang='grc' dir='ltr'>καὶ</span> <span class='ocrx_word' id='word_1_240' title='bbox 1362 1971 1370 1978; x_wconf 92' lang='grc'><em>.</em></span> <span class='ocrx_word' id='word_1_241' title='bbox 1390 1972 1397 1978; x_wconf 91' lang='grc'><strong>.</strong></span> <span class='ocrx_word' id='word_1_242' title='bbox 1418 1972 1425 1978; x_wconf 90' lang='grc'><strong>.</strong></span> <span class='ocrx_word' id='word_1_243' title='bbox 1446 1950 1496 1979; x_wconf 87' lang='grc' dir='ltr'>δεῖ</span> 
     </span>
     <span class='ocr_line' id='line_1_32' title="bbox 158 1989 1491 2031; baseline 0.002 -12"><span class='ocrx_word' id='word_1_244' title='bbox 158 1989 237 2020; x_wconf 78' lang='lat' dir='ltr'><strong>secl.</strong></span> <span class='ocrx_word' id='word_1_245' title='bbox 264 1990 374 2020; x_wconf 80' lang='lat' dir='ltr'>Cobet</span> <span class='ocrx_word' id='word_1_246' title='bbox 529 1999 548 2028; x_wconf 87' lang='grc'>5</span> <span class='ocrx_word' id='word_1_247' title='bbox 581 1990 642 2030; x_wconf 81' lang='grc' dir='ltr'>δεῖ]</span> <span class='ocrx_word' id='word_1_248' title='bbox 669 1992 716 2022; x_wconf 79' lang='grc' dir='ltr'>ἀεὶ</span> <span class='ocrx_word' id='word_1_249' title='bbox 744 1991 871 2022; x_wconf 74' lang='lat' dir='ltr'><strong>Reiske</strong></span> <span class='ocrx_word' id='word_1_250' title='bbox 1037 2002 1073 2022; x_wconf 85' lang='lat'>12</span> <span class='ocrx_word' id='word_1_251' title='bbox 1107 1991 1231 2023; x_wconf 82' lang='grc' dir='ltr'>τούτων</span> <span class='ocrx_word' id='word_1_252' title='bbox 1254 1991 1342 2029; x_wconf 87' lang='lat' dir='ltr'>vulg.</span> <span class='ocrx_word' id='word_1_253' title='bbox 1371 1991 1394 2020; x_wconf 84' lang='lat' dir='ltr'>S</span> <span class='ocrx_word' id='word_1_254' title='bbox 1419 2003 1491 2031; x_wconf 83' lang='grc' dir='ltr'>γρ.;</span> 
     </span>
     <span class='ocr_line' id='line_1_33' title="bbox 157 2032 1492 2075; baseline 0.001 -12"><span class='ocrx_word' id='word_1_255' title='bbox 157 2032 276 2064; x_wconf 79' lang='grc' dir='ltr'>τούτου</span> <span class='ocrx_word' id='word_1_256' title='bbox 292 2033 316 2063; x_wconf 86' lang='lat' dir='ltr'>S</span> <span class='ocrx_word' id='word_1_257' title='bbox 333 2045 340 2064; x_wconf 75' lang='grc' dir='ltr'><strong><em>ε</em></strong></span> <span class='ocrx_word' id='word_1_258' title='bbox 364 2036 430 2065; x_wconf 79' lang='grc' dir='ltr'>τῶν</span> <span class='ocrx_word' id='word_1_259' title='bbox 447 2033 477 2062; x_wconf 86' lang='grc' dir='ltr'>Α</span> <span class='ocrx_word' id='word_1_260' title='bbox 567 2034 618 2065; x_wconf 79' lang='grc' dir='ltr'>καὶ</span> <span class='ocrx_word' id='word_1_261' title='bbox 636 2034 804 2074; x_wconf 81' lang='grc' dir='ltr'>ἀνώμαλον</span> <span class='ocrx_word' id='word_1_262' title='bbox 823 2040 899 2075; x_wconf 75' lang='lat' dir='ltr'><strong>post</strong></span> <span class='ocrx_word' id='word_1_263' title='bbox 920 2037 1062 2068; x_wconf 79' lang='grc' dir='ltr'>ἄτακτον</span> <span class='ocrx_word' id='word_1_264' title='bbox 1081 2035 1155 2065; x_wconf 87' lang='lat' dir='ltr'>add.</span> <span class='ocrx_word' id='word_1_265' title='bbox 1175 2035 1203 2063; x_wconf 86' lang='grc' dir='ltr'>Α</span> <span class='ocrx_word' id='word_1_266' title='bbox 1218 2035 1243 2064; x_wconf 86' lang='lat' dir='ltr'>F</span> <span class='ocrx_word' id='word_1_267' title='bbox 1259 2046 1265 2064; x_wconf 90' lang='lat'>:</span> <span class='ocrx_word' id='word_1_268' title='bbox 1289 2045 1354 2065; x_wconf 83' lang='lat' dir='ltr'>om.</span> <span class='ocrx_word' id='word_1_269' title='bbox 1375 2034 1398 2064; x_wconf 84' lang='lat' dir='ltr'>S</span> <span class='ocrx_word' id='word_1_270' title='bbox 1412 2034 1442 2064; x_wconf 87' lang='lat' dir='ltr'><strong>Y</strong></span> <span class='ocrx_word' id='word_1_271' title='bbox 1459 2039 1492 2064; x_wconf 84' lang='lat' dir='ltr'>et</span> 
     </span>
     <span class='ocr_line' id='line_1_34' title="bbox 160 2075 1492 2121; baseline 0.002 -16"><span class='ocrx_word' id='word_1_272' title='bbox 160 2075 322 2115; x_wconf 82' lang='lat' dir='ltr'><strong>Hermog.</strong></span> <span class='ocrx_word' id='word_1_273' title='bbox 343 2077 408 2106; x_wconf 89' lang='lat' dir='ltr'>Rh.</span> <span class='ocrx_word' id='word_1_274' title='bbox 424 2077 481 2106; x_wconf 86' lang='lat' dir='ltr'>Gr.</span> <span class='ocrx_word' id='word_1_275' title='bbox 498 2077 534 2106; x_wconf 88' lang='lat' dir='ltr'>iii</span> <span class='ocrx_word' id='word_1_276' title='bbox 549 2087 581 2116; x_wconf 86' lang='lat' dir='ltr'>p.</span> <span class='ocrx_word' id='word_1_277' title='bbox 598 2087 661 2107; x_wconf 87' lang='lat'>222</span> <span class='ocrx_word' id='word_1_278' title='bbox 754 2088 791 2117; x_wconf 86' lang='lat'>13</span> <span class='ocrx_word' id='word_1_279' title='bbox 810 2080 1013 2121; x_wconf 77' lang='grc' dir='ltr'>τεταγμένον</span> <span class='ocrx_word' id='word_1_280' title='bbox 1029 2080 1079 2110; x_wconf 80' lang='grc' dir='ltr'>καὶ</span> <span class='ocrx_word' id='word_1_281' title='bbox 1100 2079 1201 2109; x_wconf 79' lang='grc' dir='ltr'>ταύτὸ</span> <span class='ocrx_word' id='word_1_282' title='bbox 1216 2078 1244 2107; x_wconf 86' lang='grc' dir='ltr'>Α</span> <span class='ocrx_word' id='word_1_283' title='bbox 1259 2083 1291 2108; x_wconf 81' lang='lat' dir='ltr'>et</span> <span class='ocrx_word' id='word_1_284' title='bbox 1306 2078 1469 2116; x_wconf 79' lang='lat' dir='ltr'>Hermog.</span> <span class='ocrx_word' id='word_1_285' title='bbox 1485 2089 1492 2108; x_wconf 74' lang='lat' dir='ltr'><strong><em>z</em></strong></span> 
     </span>
     <span class='ocr_line' id='line_1_35' title="bbox 158 2120 1493 2163; baseline 0 -13"><span class='ocrx_word' id='word_1_286' title='bbox 158 2120 196 2150; x_wconf 87' lang='grc' dir='ltr'>τὸ</span> <span class='ocrx_word' id='word_1_287' title='bbox 220 2120 421 2160; x_wconf 80' lang='grc' dir='ltr'>τεταγμένον</span> <span class='ocrx_word' id='word_1_288' title='bbox 445 2121 547 2152; x_wconf 80' lang='grc' dir='ltr'>ταύτὸ</span> <span class='ocrx_word' id='word_1_289' title='bbox 572 2120 616 2152; x_wconf 84' lang='lat' dir='ltr'>S:</span> <span class='ocrx_word' id='word_1_290' title='bbox 641 2122 844 2163; x_wconf 73' lang='grc' dir='ltr'>τεταγμένον</span> <span class='ocrx_word' id='word_1_291' title='bbox 870 2125 969 2155; x_wconf 79' lang='grc' dir='ltr'>ταύτὸ</span> <span class='ocrx_word' id='word_1_292' title='bbox 994 2123 1091 2153; x_wconf 84' lang='lat' dir='ltr'>YO:</span> <span class='ocrx_word' id='word_1_293' title='bbox 1123 2122 1324 2162; x_wconf 75' lang='grc' dir='ltr'>τεταγμένον</span> <span class='ocrx_word' id='word_1_294' title='bbox 1346 2123 1445 2152; x_wconf 80' lang='grc' dir='ltr'>τοῦτο</span> <span class='ocrx_word' id='word_1_295' title='bbox 1468 2121 1493 2150; x_wconf 85' lang='lat' dir='ltr'>F</span> 
     </span>
     <span class='ocr_line' id='line_1_36' title="bbox 162 2163 1492 2209; baseline 0.001 -15"><span class='ocrx_word' id='word_1_296' title='bbox 162 2172 199 2200; x_wconf 82' lang='lat'>15</span> <span class='ocrx_word' id='word_1_297' title='bbox 231 2163 423 2200; x_wconf 85' lang='grc' dir='ltr'>βουλεύεται</span> <span class='ocrx_word' id='word_1_298' title='bbox 447 2163 517 2193; x_wconf 82' lang='lat' dir='ltr'>AF</span> <span class='ocrx_word' id='word_1_299' title='bbox 625 2166 900 2207; x_wconf 81' lang='grc' dir='ltr'>ἐξαμαρτάνοντας</span> <span class='ocrx_word' id='word_1_300' title='bbox 927 2168 950 2197; x_wconf 76' lang='lat' dir='ltr'>S</span> <span class='ocrx_word' id='word_1_301' title='bbox 976 2168 1016 2198; x_wconf 84' lang='lat' dir='ltr'>al.</span> <span class='ocrx_word' id='word_1_302' title='bbox 1038 2179 1044 2197; x_wconf 73' lang='lat' dir='ltr'><em>t</em></span> <span class='ocrx_word' id='word_1_303' title='bbox 1078 2167 1191 2209; x_wconf 80' lang='grc' dir='ltr'>ῥᾳδίως</span> <span class='ocrx_word' id='word_1_304' title='bbox 1218 2164 1492 2206; x_wconf 81' lang='grc' dir='ltr'>ἐξαμαρτάνοντας</span> 
     </span>
     <span class='ocr_line' id='line_1_37' title="bbox 158 2205 1489 2251; baseline 0.002 -16"><span class='ocrx_word' id='word_1_305' title='bbox 158 2205 268 2236; x_wconf 84' lang='lat' dir='ltr'>YOS</span> <span class='ocrx_word' id='word_1_306' title='bbox 298 2217 404 2237; x_wconf 85' lang='lat' dir='ltr'>corr.:</span> <span class='ocrx_word' id='word_1_307' title='bbox 444 2209 575 2239; x_wconf 79' lang='grc' dir='ltr'>πλεῖστ’</span> <span class='ocrx_word' id='word_1_308' title='bbox 606 2209 846 2251; x_wconf 79' lang='grc' dir='ltr'>ἁμαρτάνοντας</span> <span class='ocrx_word' id='word_1_309' title='bbox 875 2212 905 2241; x_wconf 87' lang='grc' dir='ltr'>Α</span> <span class='ocrx_word' id='word_1_310' title='bbox 934 2217 968 2242; x_wconf 84' lang='lat' dir='ltr'>et</span> <span class='ocrx_word' id='word_1_311' title='bbox 1001 2212 1106 2242; x_wconf 84' lang='lat' dir='ltr'>schol.</span> <span class='ocrx_word' id='word_1_312' title='bbox 1140 2210 1302 2247; x_wconf 78' lang='lat' dir='ltr'><strong>Hermog.</strong></span> <span class='ocrx_word' id='word_1_313' title='bbox 1334 2208 1399 2238; x_wconf 78' lang='lat' dir='ltr'>Rh.</span> <span class='ocrx_word' id='word_1_314' title='bbox 1431 2207 1489 2238; x_wconf 88' lang='lat' dir='ltr'>Gr.</span> 
     </span>
     <span class='ocr_line' id='line_1_38' title="bbox 157 2249 1488 2294; baseline -0.001 -11"><span class='ocrx_word' id='word_1_315' title='bbox 157 2249 201 2278; x_wconf 78' lang='lat' dir='ltr'>vii</span> <span class='ocrx_word' id='word_1_316' title='bbox 226 2260 291 2289; x_wconf 91' lang='lat'>990</span> <span class='ocrx_word' id='word_1_317' title='bbox 429 2253 468 2280; x_wconf 86' lang='lat'>16</span> <span class='ocrx_word' id='word_1_318' title='bbox 500 2252 589 2291; x_wconf 83' lang='grc' dir='ltr'>νόμοι</span> <span class='ocrx_word' id='word_1_319' title='bbox 615 2263 679 2283; x_wconf 86' lang='lat' dir='ltr'>om.</span> <span class='ocrx_word' id='word_1_320' title='bbox 710 2254 774 2285; x_wconf 83' lang='lat' dir='ltr'>Rh.</span> <span class='ocrx_word' id='word_1_321' title='bbox 799 2255 856 2285; x_wconf 83' lang='lat' dir='ltr'>Gr.</span> <span class='ocrx_word' id='word_1_322' title='bbox 880 2256 923 2285; x_wconf 85' lang='lat' dir='ltr'>vii</span> <span class='ocrx_word' id='word_1_323' title='bbox 949 2266 1036 2294; x_wconf 78' lang='lat'>990:</span> <span class='ocrx_word' id='word_1_324' title='bbox 1070 2255 1176 2287; x_wconf 74' lang='grc' dir='ltr'>λοιποὶ</span> <span class='ocrx_word' id='word_1_325' title='bbox 1201 2253 1253 2282; x_wconf 77' lang='lat' dir='ltr'>vel</span> <span class='ocrx_word' id='word_1_326' title='bbox 1280 2254 1374 2284; x_wconf 81' lang='grc' dir='ltr'>ἄλλοι</span> <span class='ocrx_word' id='word_1_327' title='bbox 1401 2251 1488 2282; x_wconf 87' lang='lat' dir='ltr'>coni.</span> 
     </span>
     <span class='ocr_line' id='line_1_39' title="bbox 158 2292 1488 2337; baseline 0.003 -15"><span class='ocrx_word' id='word_1_328' title='bbox 158 2292 255 2323; x_wconf 80' lang='lat' dir='ltr'>Blass</span> <span class='ocrx_word' id='word_1_329' title='bbox 406 2304 508 2333; x_wconf 80' lang='lat'><strong>19-23</strong></span> <span class='ocrx_word' id='word_1_330' title='bbox 535 2297 586 2328; x_wconf 82' lang='grc' dir='ltr'>διὰ</span> <span class='ocrx_word' id='word_1_331' title='bbox 601 2298 711 2330; x_wconf 80' lang='grc' dir='ltr'>πολλὰ</span> <span class='ocrx_word' id='word_1_332' title='bbox 728 2321 735 2328; x_wconf 93' lang='grc'><strong>.</strong></span> <span class='ocrx_word' id='word_1_333' title='bbox 756 2322 763 2329; x_wconf 95' lang='grc'><strong>.</strong></span> <span class='ocrx_word' id='word_1_334' title='bbox 785 2322 791 2329; x_wconf 92' lang='grc'><strong>.</strong></span> <span class='ocrx_word' id='word_1_335' title='bbox 815 2298 871 2337; x_wconf 77' lang='grc' dir='ltr'>ζῆν</span> <span class='ocrx_word' id='word_1_336' title='bbox 888 2300 968 2329; x_wconf 79' lang='lat' dir='ltr'>secl.</span> <span class='ocrx_word' id='word_1_337' title='bbox 989 2299 1080 2330; x_wconf 84' lang='lat' dir='ltr'>Weil</span> <span class='ocrx_word' id='word_1_338' title='bbox 1231 2308 1273 2327; x_wconf 86' lang='lat'>20</span> <span class='ocrx_word' id='word_1_339' title='bbox 1297 2298 1395 2336; x_wconf 83' lang='grc' dir='ltr'>δῶρον</span> <span class='ocrx_word' id='word_1_340' title='bbox 1413 2294 1436 2324; x_wconf 85' lang='lat' dir='ltr'>S</span> <span class='ocrx_word' id='word_1_341' title='bbox 1455 2294 1488 2324; x_wconf 88' lang='lat' dir='ltr'>in</span> 
     </span>
     <span class='ocr_line' id='line_1_40' title="bbox 158 2337 1486 2384; baseline 0.004 -19"><span class='ocrx_word' id='word_1_342' title='bbox 158 2346 275 2367; x_wconf 78' lang='lat' dir='ltr'>rasura</span> <span class='ocrx_word' id='word_1_343' title='bbox 288 2338 313 2377; x_wconf 73' lang='lat'>(2</span> <span class='ocrx_word' id='word_1_344' title='bbox 327 2338 456 2379; x_wconf 81' lang='grc' dir='ltr'>δώρημα</span> <span class='ocrx_word' id='word_1_345' title='bbox 468 2344 546 2370; x_wconf 85' lang='lat' dir='ltr'>ante</span> <span class='ocrx_word' id='word_1_346' title='bbox 561 2342 726 2381; x_wconf 81' lang='lat' dir='ltr'>rasuram)</span> <span class='ocrx_word' id='word_1_347' title='bbox 819 2353 926 2373; x_wconf 85' lang='lat'>21-22</span> <span class='ocrx_word' id='word_1_348' title='bbox 945 2343 1169 2384; x_wconf 80' lang='grc' dir='ltr'>ἐπανόρθωμα.</span> <span class='ocrx_word' id='word_1_349' title='bbox 1188 2366 1193 2372; x_wconf 92' lang='grc'><strong>.</strong></span> <span class='ocrx_word' id='word_1_350' title='bbox 1212 2365 1218 2371; x_wconf 93' lang='grc'><em>.</em></span> <span class='ocrx_word' id='word_1_351' title='bbox 1235 2337 1486 2381; x_wconf 77' lang='grc' dir='ltr'>ἁμαρτημάτων]</span> 
     </span>
    </p>
   </div>
   <div class='ocr_carea' id='block_1_7' title="bbox 158 2379 1489 2468">
    <p class='ocr_par' dir='ltr' id='par_1_9' title="bbox 158 2379 1489 2468">
     <span class='ocr_line' id='line_1_41' title="bbox 159 2379 1489 2429; baseline 0.01 -19"><span class='ocrx_word' id='word_1_352' title='bbox 159 2379 371 2429; x_wconf 53' lang='grc' dir='ltr'>ἐπανόρθωσις</span> <span class='ocrx_word' id='word_1_353' title='bbox 388 2381 423 2413; x_wconf 87' lang='grc' dir='ltr'>δὲ</span> <span class='ocrx_word' id='word_1_354' title='bbox 441 2384 729 2422; x_wconf 83' lang='grc' dir='ltr'>πλημμελημάτων</span> <span class='ocrx_word' id='word_1_355' title='bbox 746 2389 811 2417; x_wconf 81' lang='grc' dir='ltr'>τῶν</span> <span class='ocrx_word' id='word_1_356' title='bbox 829 2388 872 2418; x_wconf 81' lang='grc' dir='ltr'>εἷς</span> <span class='ocrx_word' id='word_1_357' title='bbox 890 2386 1057 2427; x_wconf 84' lang='grc' dir='ltr'>ἀμφότερα</span> <span class='ocrx_word' id='word_1_358' title='bbox 1074 2386 1170 2415; x_wconf 72' lang='lat' dir='ltr'>BlaSS</span> <span class='ocrx_word' id='word_1_359' title='bbox 1195 2394 1270 2415; x_wconf 76' lang='lat' dir='ltr'>CUffl</span> <span class='ocrx_word' id='word_1_360' title='bbox 1288 2381 1489 2423; x_wconf 63' lang='lat' dir='ltr'>Aphthonio</span> 
     </span>
     <span class='ocr_line' id='line_1_42' title="bbox 158 2426 1196 2468; baseline 0.005 -15"><span class='ocrx_word' id='word_1_361' title='bbox 158 2434 166 2453; x_wconf 71' lang='grc' dir='ltr'>ι</span> <span class='ocrx_word' id='word_1_362' title='bbox 190 2435 247 2462; x_wconf 79' lang='lat'>114</span> <span class='ocrx_word' id='word_1_363' title='bbox 382 2435 421 2464; x_wconf 85' lang='lat'>25</span> <span class='ocrx_word' id='word_1_364' title='bbox 447 2426 519 2458; x_wconf 85' lang='grc' dir='ltr'>οὐδὲ</span> <span class='ocrx_word' id='word_1_365' title='bbox 538 2426 582 2459; x_wconf 70' lang='grc' dir='ltr'>εἷς</span> <span class='ocrx_word' id='word_1_366' title='bbox 601 2428 635 2465; x_wconf 70' lang='lat' dir='ltr'>S,</span> <span class='ocrx_word' id='word_1_367' title='bbox 655 2428 696 2458; x_wconf 89' lang='lat' dir='ltr'>cs.</span> <span class='ocrx_word' id='word_1_368' title='bbox 716 2440 736 2459; x_wconf 88' lang='lat' dir='ltr'>v</span> <span class='ocrx_word' id='word_1_369' title='bbox 758 2439 807 2467; x_wconf 85' lang='lat'>17,</span> <span class='ocrx_word' id='word_1_370' title='bbox 826 2430 882 2459; x_wconf 82' lang='lat' dir='ltr'>viii</span> <span class='ocrx_word' id='word_1_371' title='bbox 901 2441 966 2468; x_wconf 87' lang='lat'>40:</span> <span class='ocrx_word' id='word_1_372' title='bbox 990 2431 1091 2462; x_wconf 77' lang='grc' dir='ltr'>οὐδεὶς</span> <span class='ocrx_word' id='word_1_373' title='bbox 1108 2429 1196 2467; x_wconf 88' lang='lat' dir='ltr'>vulg.</span> 
     </span>
    </p>
   </div>
   <div class='ocr_carea' id='block_1_8' title="bbox 1535 130 1646 185">
    <p class='ocr_par' dir='ltr' id='par_1_10' title="bbox 1535 130 1646 185">
     <span class='ocr_line' id='line_1_43' title="bbox 1535 130 1646 185; baseline 0.009 -1"><span class='ocrx_word' id='word_1_374' title='bbox 1535 130 1646 185; x_wconf 86' lang='lat'><strong>[773]</strong></span> 
     </span>
    </p>
   </div>
   <div class='ocr_carea' id='block_1_9' title="bbox 1532 500 1643 555">
    <p class='ocr_par' dir='ltr' id='par_1_11' title="bbox 1532 500 1643 555">
     <span class='ocr_line' id='line_1_44' title="bbox 1532 500 1643 555; baseline 0 0"><span class='ocrx_word' id='word_1_375' title='bbox 1532 500 1643 555; x_wconf 84' lang='lat'><strong>[774]</strong></span> 
     </span>
    </p>
   </div>
   <div class='ocr_carea' id='block_1_10' title="bbox 1534 849 1571 885">
    <p class='ocr_par' dir='ltr' id='par_1_12' title="bbox 1534 849 1571 885">
     <span class='ocr_line' id='line_1_45' title="bbox 1534 849 1571 885; baseline 0 0"><span class='ocrx_word' id='word_1_376' title='bbox 1534 849 1571 885; x_wconf 86' lang='lat'>15</span> 
     </span>
    </p>
   </div>
   <div class='ocr_carea' id='block_1_11' title="bbox 1530 1240 1572 1275">
    <p class='ocr_par' dir='ltr' id='par_1_13' title="bbox 1530 1240 1572 1275">
     <span class='ocr_line' id='line_1_46' title="bbox 1530 1240 1572 1275; baseline 0 0"><span class='ocrx_word' id='word_1_377' title='bbox 1530 1240 1572 1275; x_wconf 88' lang='lat'>16</span> 
     </span>
    </p>
   </div>
   <div class='ocr_carea' id='block_1_12' title="bbox 1528 1714 1569 1749">
    <p class='ocr_par' dir='ltr' id='par_1_14' title="bbox 1528 1714 1569 1749">
     <span class='ocr_line' id='line_1_47' title="bbox 1528 1714 1569 1749; baseline 0 0"><span class='ocrx_word' id='word_1_378' title='bbox 1528 1714 1569 1749; x_wconf 91' lang='lat'>17</span> 
     </span>
    </p>
   </div>
  </div>
 </body>
</html>
