1737 2734
118 755 152 776 13

111 1295 149 1317 20

111 1919 150 1949 30

113 2251 150 2282 35

171 145 268 199 xxv]
430 148 559 188 KAT'
609 150 1157 188 ΑΡΙΣΤΟΓΕΙΤΟΝΟΣ
1206 149 1238 186 Α
1532 145 1646 200 [768]

170 248 500 299 Ἀριστογείτονος,
515 246 600 285 ἀλλ’
616 249 668 286 ἔτι
687 250 752 285 τοῦ
768 247 988 296 ὀφλήματος
1004 246 1315 298 ἐγγεγραμμένου,
1331 244 1498 295 χρήστου

170 301 207 339 δὲ
234 303 484 341 καταστάντος
504 304 568 339 τοῦ
593 303 635 339 τὸ
664 303 797 353 χωρίον
826 301 1076 350 ὠνησαμένου,
1105 300 1250 349 ζήτημα
1279 300 1498 337 συνίσταται,
1530 301 1648 355 [769]

169 357 326 405 πότερον
350 358 370 393 ὁ
396 357 595 405 πριάμενος
624 358 665 394 τὸ
695 356 828 407 χωρίον
855 355 1001 404 ὀφείλει
1027 355 1139 404 μόνον
1168 353 1191 403 ἦ
1219 354 1278 391 καὶ
1307 355 1327 391 ὁ
1355 356 1498 402 πρῶτος

171 411 310 458 ὀφλών,
337 412 421 461 ἄχρι
451 410 495 448 ἂν
525 413 680 461 ἐκτισθῇ
705 412 746 448 τὸ
774 410 892 460 χρέος.
951 411 1034 458 περὶ
1060 411 1128 458 μὲν
1155 409 1199 457 δὴ
1226 410 1271 446 τὰ
1299 407 1354 445 δύ’
1375 407 1495 455 ὀφλή-
1532 423 1547 459 5

169 481 269 514 ματα
288 467 396 502 τοῦτο
422 466 641 503 συνίσταται
667 466 709 503 τὸ
736 465 892 514 ζήτημα·
925 464 1023 511 φασὶ
1050 463 1079 501 δ’
1105 464 1214 501 αὐτὸν
1241 465 1275 500 οἱ
1303 462 1499 514 κατήγοροι

171 520 230 556 καὶ
250 520 371 568 τρίτον
398 519 563 567 ὀφείλειν
590 520 749 569 ὄφλημα
774 520 826 570 τῷ
851 519 1031 569 δημοσίῳ.
1088 519 1179 567 πρὸς
1208 516 1304 555 τοῦτ’
1326 515 1498 566 Ἀριστο-

170 591 298 624 γειτων
326 573 591 623 ἀιθιστάμενος
621 574 740 622 φησιν
771 573 900 613 ἀδίκως
930 572 1186 624 ἐγγεγράφθαι
1216 571 1274 608 καὶ
1303 570 1363 608 διὰ
1391 572 1500 608 τοῦτο

170 628 273 676 δικην
304 631 434 678 λαχεῖν
467 629 662 676 Αριστωιι
693 645 743 665 τω
777 629 1016 679 ἐγγράψαντι.
1088 626 1291 676 Δημοσθει
1294 642 1336 674 ης
1368 625 1407 662 δὲ
1441 626 1500 661 καὶ

172 687 226 719 Λι·
223 685 383 734 κοῦργος
403 683 485 731 περὶ
504 685 571 731 μὲν
599 686 662 720 τοῦ
690 683 867 720 δικαιΗαν
855 681 878 731 ὴ
904 700 956 731 μη
977 681 1200 749 γεγενῆσθαι
1220 698 1286 729 την
1294 680 1500 746 ἐγγραφὴι

171 736 274 774 οὐδὲι
301 738 468 788 λέγουσι,
490 738 586 783 φασὶ
614 737 674 773 δ’ς
688 737 775 774 ὅταν
804 738 870 786 ἕλη
897 737 960 773 τὸν
983 736 1204 785 Ἀρίστωνα,
1228 735 1301 772 τότ
1328 734 1499 783 Ἀριστο-

170 808 299 842 γειτων
327 793 395 840 μὲν
424 791 748 839 ἐξαλειφθήσεται
779 793 913 830 ἐκεῖνος
947 790 975 828 δ
1008 790 1286 842 ἐγγραφήσεται
1315 790 1408 826 κατὰ
1436 789 1499 826 τὸν

171 847 293 894 ιόμον·
324 862 410 894 πριν
430 845 468 882 δὲ
489 845 654 894 κριθῆναι
670 846 711 883 τὸ
732 849 899 897 πρᾶγμα,
916 846 958 882 οὗ
977 861 1157 894 προσηκει
1177 844 1299 895 λεγειν
1319 844 1382 880 τὸν
1402 859 1500 893 ταχα

171 900 313 939 δικαιως
342 900 640 951 ἐγγεγραμμενον
676 917 734 936 και
769 899 908 949 ψευδῶς
937 901 1166 950 ἐγκαλοῦντα
1196 900 1246 949 τῷ
1275 896 1497 946 ΑρίστωνιΪ

169 971 284 990 ταυτα
316 956 384 1003 μὲν
418 954 461 1002 δὴ
495 955 540 990 τὰ
574 954 767 1003 ζητήματα
801 956 866 1002 τῆς
899 953 1120 992 υποθέσεως.
1194 952 1436 1003 ἐνηγώνισται
1470 949 1500 988 ὃ
1527 952 1550 987 6

169 1010 292 1047 αὐτοῖς
325 1010 345 1045 ὁ
379 1010 601 1058 Λυκοῦργος,
636 1009 701 1046 ἅτε
732 1008 908 1057 πρότερος
941 1008 1072 1059 λέγων·
1114 1024 1164 1044 τω
1196 1005 1430 1056 Δημοσθένει
1461 1005 1500 1044 δὲ

168 1062 251 1111 περὶ
270 1064 337 1111 μὲν
357 1063 493 1099 τούτων
513 1062 659 1112 βραχὺς
680 1063 774 1100 πάνυ
799 1063 912 1113 λόγος
937 1063 1088 1113 γέγονεν
1115 1063 1160 1101 ὡς
1184 1060 1498 1110 προειλημμένων,

168 1118 188 1154 ὁ
222 1117 251 1154 δ’
291 1117 379 1156 ὅλος
412 1118 510 1168 αὐτῷ
543 1117 657 1168 λόγος
691 1119 755 1154 τοῦ
794 1115 1112 1168 Ἀριστογείτονος
1149 1116 1238 1164 ,Βίου
1277 1115 1500 1166 κατηγορίαν

167 1171 338 1221 περιέχει.

224 1225 419 1264 Διονύσιος
440 1223 469 1262 δ’
490 1226 509 1262 ὁ
529 1223 849 1275 εΑλικαρνασσευς
864 1227 906 1262 οὗ
934 1225 1077 1275 δέχεται
1093 1224 1242 1264 τούτους
1260 1223 1344 1262 τοὺς
1364 1222 1500 1274 λόγους
1530 1231 1549 1266 7

170 1279 435 1328 Δημοσθένους
464 1278 564 1325 εἶναι,
597 1282 637 1317 ἐκ
666 1282 732 1329 τῆς
761 1280 856 1319 ἰδέας
885 1280 1179 1329 τεκμαιρόμενος.
1247 1280 1281 1316 οἱ
1312 1277 1352 1315 δέ
1382 1282 1500 1325 φασιν

167 1333 332 1382 ἐπίτηδες
360 1334 424 1371 τὸν
453 1334 591 1382 ῥήτορα
620 1336 771 1385 τοιούτῳ
799 1336 1005 1385 χαρακτῆρι
1034 1332 1248 1383 κεχρῆσθαι,
1279 1332 1501 1380 ζηλώσαντα

168 1391 382 1439 Λυκοῦργον
416 1388 676 1437 εὐδοκιμοῦντα
707 1390 808 1437 παρὰ
838 1391 914 1428 τοῖς
944 1387 1164 1436 Ἀθηναίοις.
1227 1389 1261 1424 οἱ
1292 1386 1342 1431 δέ,
1374 1386 1500 1434 ἐπειδὴ

169 1445 260 1480 κατὰ
281 1444 343 1480 τὸν
363 1445 428 1491 τῆς
447 1443 592 1490 ἡλικίας
621 1444 755 1493 χρόνον
781 1443 847 1491 τὴν
874 1442 1130 1493 πρωτολογίαν
1150 1442 1267 1490 ἔλαβε
1288 1443 1501 1492 Λυκοῦργος

168 1498 227 1534 καὶ
256 1500 350 1535 πᾶσι
378 1500 454 1536 τοῖς
486 1497 702 1545 κεφαλαίοις
731 1498 838 1537 αὐτὸς
866 1498 1064 1547 ἐχρήσατο,
1094 1498 1113 1534 ὁ
1141 1495 1387 1545 Δημοσθένης
1412 1497 1498 1543 ἠνα-

167 1551 316 1603 γκάσθη
337 1552 469 1589 λοιπὸν
491 1552 802 1600 φιλοσοφώτερον
821 1551 1013 1600 μετελθεῖν
1034 1550 1092 1587 καὶ
1112 1550 1333 1599 περιοδικῶς.
1387 1550 1499 1586 ἄλλοι

167 1606 206 1643 δὲ
226 1607 289 1644 τὸν
308 1608 375 1655 μὲν
394 1607 573 1654 πρότερον
594 1605 762 1656 δέχονται
785 1605 1050 1655 Δημοσθένους
1072 1605 1172 1649 εἶναι,
1189 1605 1253 1642 τὸν
1273 1604 1312 1642 δὲ
1332 1603 1499 1653 δεύτερον
1530 1601 1642 1655 [770]

167 1661 343 1710 οἷ’δαμῶς,
366 1660 470 1698 οὐδὲν
491 1661 592 1705 ἄξιον
614 1662 747 1710 ἔχοντα
767 1663 831 1697 τοῦ
851 1661 1016 1709 ῥήτορος.

237 1770 374 1811 Πάλαι
400 1770 630 1822 καθήμενος,
662 1768 691 1810 ὦ
717 1771 854 1823 ἄνδρες
879 1771 1075 1817 δικασταί,
1100 1770 1162 1810 καὶ
1187 1773 1499 1821 κατηγοροῦντος

170 1838 334 1883 ἀκούων,
361 1838 497 1889 ὥσπερ
522 1839 643 1888 ὑμεῖς,
668 1838 908 1889 Λυκούργου,
931 1839 978 1876 τὰ
1004 1839 1076 1887 μὲν
1096 1837 1204 1877 ἄλλα
1230 1840 1358 1877 καλῶς
1383 1834 1500 1875 αὐτὸν

169 1904 345 1955 ἡγούμην
371 1904 522 1957 λέγειν,
550 1905 592 1945 ἓν
626 1907 668 1944 δὲ
702 1905 926 1955 τεθαύμακα
956 1905 1057 1956 ὁρῶν
1090 1903 1497 1956 ὑπερδιατεινόμενον,

170 1971 203 2010 εἰ
228 1971 368 2022 ἀγνοεῖ
388 1971 494 2011 τοῦθ’
519 1972 580 2011 ὅτι
605 1972 693 2011 οὔτε
717 1973 823 2023 παρὰ
847 1971 937 2012 τοὺς
960 1971 1031 2023 ὑφ’
1058 1973 1196 2010 ἑαυτοῦ
1223 1970 1368 2021 λόγους
1393 1970 1495 2021 εἰρη-

169 2037 310 2087 μένους
335 2038 423 2078 οὔτε
449 2040 554 2089 παρὰ
579 2038 668 2078 τοὺς
698 2038 761 2078 ὑπ’
789 2040 882 2088 ἐμοῦ
915 2037 1138 2088 μέλλοντας
1170 2036 1419 2088 ῥηθήσεσθαι
1451 2037 1500 2075 τὰ

170 2104 324 2144 τουτουὶ
349 2108 417 2144 τοῦ
442 2105 594 2156 ἀγῶνός
620 2106 731 2144 ἐστιν
756 2103 871 2144 δίκαι’
892 2104 1050 2157 ἰσχυρά,
1073 2103 1165 2143 ἀλλ’
1183 2103 1234 2145 ὡς
1259 2102 1307 2143 ἂν
1333 2103 1500 2142 ἕκαστος

170 2171 276 2220 ὑμῶν
317 2171 390 2226 ἔχῃ
429 2170 526 2223 πρὸς
561 2170 606 2210 τὸ
644 2171 922 2224 δυσχεραίνειν
957 2167 980 2220 ἢ
1018 2170 1258 2223 προσίεσθαι
1295 2169 1498 2220 πονηρίαν.

173 2237 234 2276 καὶ
273 2237 390 2290 ἔγωγ’
429 2237 703 2288 ὑπολαμβάνω
742 2237 814 2287 τὴν
851 2240 923 2288 μὲν
963 2237 1199 2289 κατηγορίαν
1238 2237 1300 2276 καὶ
1338 2235 1384 2275 τὸ
1423 2238 1501 2275 τῶν
1533 2248 1551 2272 2

217 2355 256 2383 23
296 2346 378 2377 κατὰ
410 2347 467 2377 τὸν
500 2369 507 2376 .
543 2371 549 2377 .
585 2370 590 2375 .
623 2347 685 2384 τὴν
719 2345 871 2376 Iurinus:
912 2347 970 2378 τὸν
1001 2347 1084 2377 κατὰ
1117 2369 1124 2376 .
1159 2369 1166 2376 .
1204 2346 1273 2377 ,εἷς
1305 2345 1366 2382 τὴν
1402 2344 1499 2375 codd.

173 2389 215 2418 28
250 2389 415 2429 δικασταί]
449 2387 609 2427 Ἀθηναῖοι
641 2389 671 2419 Α
685 2389 710 2419 F
887 2399 925 2428 31
963 2389 1049 2421 τοῦθ’
1078 2398 1143 2419 om.
1175 2388 1264 2419 SA:
1299 2388 1375 2419 add.
1410 2387 1500 2427 vulg.

173 2441 214 2470 34
238 2433 257 2469 ἢ
275 2437 353 2468 post
369 2434 408 2464 τὸ
424 2433 500 2462 add.
519 2432 606 2472 vulg.
626 2444 633 2463 :
656 2443 721 2465 orn.
742 2432 850 2463 SAY
