1737 2734
93 844 131 865 10

88 1509 128 1530 20

151 118 256 172 xxu]
500 121 628 162 KAT’
671 124 1127 163 ΑΝΔΡΟΤΙΩΝΟΣ

153 244 277 273 σεται,
307 230 400 268 ναῦς
432 226 465 267 δ’
492 227 565 280 οὐχ
599 226 700 278 ἕξεθ’
727 229 849 279 ὑμεῖς.
921 229 991 268 ἐὰν
1026 226 1071 272 δ’,
1100 226 1150 268 ὡς
1176 227 1197 265 ὀ
1223 226 1341 276 νόμος
1374 225 1485 278 λέγει

153 295 216 334 καὶ
241 296 301 334 δεῖ
321 294 411 335 τοὺς
436 294 704 345 ὀμωμοκότας,
728 297 873 347 πικρῶς
896 295 959 334 καὶ
983 295 1118 335 ἁπλῶς
1143 294 1213 334 τὰς
1237 295 1309 344 μὲν
1329 291 1483 344 προφά-

152 377 237 402 σεις
269 359 448 410 ἀνέλητε,
484 363 635 413 φανῆτε
674 361 706 401 δ’
741 360 988 417 ἀφῃρημένοι
1022 359 1094 410 τὴν
1126 360 1290 411 δωρειὰν
1324 360 1384 399 ὅτι
1419 361 1488 400 τὰς

152 430 243 468 ναῦς
274 426 318 467 οὐ
352 428 600 477 πεποίηνται,
641 427 797 474 πάντες,
834 426 864 467 ὦ
900 427 1038 479 ἄνδρες
1072 426 1290 476 Ἀθηναῖοι,
1321 443 1487 476 πεποιη-

150 493 271 543 μένας
304 494 394 544 ὑμῖν
431 495 720 546 παραδώσουσι
751 496 821 536 τὰς
854 493 1037 546 τριήρεις,
1072 492 1201 534 πάντα
1232 492 1362 532 τᾶλλα
1395 492 1486 542 παρ’

151 561 242 610 ὑμῖν
277 560 481 611 ἑορακότες
520 560 796 613 ἀσθενέστερα
835 564 903 600 τοῦ
942 561 1062 611 νόμου
1098 558 1355 612 γεγενημένα.
1427 560 1488 599 ὅτι

150 627 282 667 τοίνυν
306 626 386 666 οὐδ’
413 629 538 669 αἴτιος
566 627 691 668 ἄλλος
718 627 847 668 οὐδεὶς
873 627 1090 678 ἀνθρώπων
1121 626 1208 666 ἐστὶ
1237 630 1307 666 τοῦ
1337 625 1390 677 μὴ
1415 643 1483 667 πε-

152 695 341 743 ποιῆσθαι
373 695 443 735 τὰς
479 697 586 740 ναῦς,
615 698 730 733 τοῦτο
761 697 904 746 σαφῶς
933 695 1022 744 ὑμῖν
1053 692 1248 744 ἐπιδείξω·
1287 694 1486 733 ἀνελοῦσα

151 761 227 812 γὰρ
252 760 275 810 ἡ
299 760 430 810 βουλὴ
456 760 524 800 τὸν
552 761 686 811 νόμον,
714 764 852 800 τοῦτον
878 761 1183 813 ἐχειροτόνησεν
1208 758 1317 809 αὐτή.

215 825 305 867 Ἔτι
343 828 474 867 τοίνυν
516 828 710 880 ἐπιχειρεῖ
742 826 878 878 λέγειν
914 828 1003 879 περὶ
1039 830 1107 866 τοῦ
1141 828 1209 876 τῆς
1247 825 1484 878 ἑταιρήσεως

151 894 283 944 νόμου,
321 893 372 934 ὡς
408 894 621 945 ὑβρίζομεν
658 893 769 944 ἡμεῖς
804 894 864 934 καὶ
900 894 1169 946 βλασφημίας
1206 893 1295 946 οὐχὶ
1332 909 1481 945 προση-

152 960 298 1001 κούσας
331 959 413 1000 κατ’
444 960 562 1000 αὐτοῦ
593 961 821 1011 ποιούμεθα.
894 961 957 1000 καὶ
987 961 1091 1012 φησὶ
1124 962 1206 1000 δεῖν
1234 960 1348 1010 ἡμᾶς,
1376 961 1485 1012 εἴπερ

152 1026 415 1076 ἐπιστεύομεν
442 1025 541 1067 εἶναι
568 1026 674 1066 ταῦτ’
694 1027 836 1077 ἀληθῆ,
859 1027 954 1078 πρὸς
973 1027 1062 1068 τοὺς
1087 1026 1332 1077 θεσμοθέτας
1357 1026 1482 1067 ἁπαν-

152 1095 234 1139 τᾶν,
264 1093 312 1133 ἵν’
338 1095 420 1133 ἐκεῖ
447 1094 535 1145 περὶ
568 1097 710 1146 χιλιῶν
740 1093 1049 1145 ἐκινδυνεύομεν,
1081 1095 1115 1133 εἰ
1145 1094 1484 1145 καταψευδόμενοι

151 1159 257 1200 ταῦτ’
294 1161 552 1212 ἐφαινόμεθα·
592 1163 661 1200 νῦν
694 1162 735 1201 δὲ
769 1161 994 1212 φενακίζειν
1027 1161 1154 1201 αἰτίας
1188 1160 1250 1200 καὶ
1280 1161 1482 1212 λοιδορίας

152 1228 265 1268 κενὰς
291 1226 559 1277 ποιουμένους,
590 1227 652 1267 καὶ
678 1228 861 1281 ἐνοχλεῖν
886 1227 930 1267 οὐ
957 1230 1160 1268 δικασταῖς
1187 1226 1337 1267 τούτων
1368 1227 1482 1267 οὖσιν

151 1295 252 1344 ὑμῖν.
315 1294 392 1344 ἐγὼ
413 1293 446 1334 δ’
463 1295 592 1344 οἴομαι
613 1296 695 1334 δεῖν
713 1294 812 1345 ὑμᾶς
832 1298 987 1345 πρῶτον
1011 1296 1084 1344 μὲν
1104 1295 1230 1334 ἐκεῖνο
1248 1294 1482 1346 λογίζεσθαι

151 1359 241 1412 παρ’
266 1361 356 1411 ὑμῖν
381 1360 525 1406 αὐτοῖς,
553 1362 614 1400 ὅτι
639 1360 827 1412 πάμπολυ
851 1362 1030 1413 λοιδορία
1054 1377 1096 1401 τε
1127 1361 1188 1400 καὶ
1219 1362 1325 1401 αἰτία
1355 1377 1479 1414 κεχω-

149 1426 340 1478 ρισμένον
378 1427 491 1468 ἐστὶν
526 1427 710 1481 ἐλέγχου.
781 1429 886 1468 αἰτία
917 1429 988 1478 μὲν
1025 1427 1100 1480 γάρ
1135 1429 1260 1474 ἐστιν,
1295 1428 1390 1468 ὅταν
1423 1444 1480 1469 τις

148 1497 259 1548 ψιλῳ
295 1494 548 1547 χρησάμενος
581 1495 689 1549 λόγῳ
722 1494 776 1546 μὴ
809 1493 1065 1548 παράσχηται
1097 1496 1234 1535 πίστιν
1266 1495 1322 1535 ὧν
1353 1493 1478 1546 λέγει,

149 1561 318 1613 ἔλεγχος
343 1560 398 1607 δέ,
425 1562 519 1601 ὅταν
552 1562 607 1601 ὧν
639 1560 688 1602 ἂν
719 1563 810 1617 εἴπῃ
842 1578 899 1603 τις
934 1561 995 1601 καὶ
1026 1562 1196 1612 τάληθὲς
1228 1562 1325 1612 ὁμοῦ
1356 1560 1477 1618 δείξῃ.

148 1627 236 1667 ἔστι
268 1629 401 1668 τοίνυν
435 1627 586 1680 ἀνάγκη
620 1628 710 1670 τοὺς
742 1628 985 1682 ἐλέγχοντας
1014 1626 1036 1679 ἢ
1067 1627 1254 1680 τεκμήρια
1284 1629 1480 1669 δεικνύναι

147 1693 196 1734 δι’
220 1694 276 1734 ὧν
305 1695 548 1747 ἐμφανιοῦσι
577 1694 621 1735 τὸ
653 1695 798 1736 πιστὸν
830 1696 932 1746 ὑμῖν,
960 1692 983 1745 ἢ
1015 1697 1064 1736 τὰ
1094 1696 1225 1736 εἰκότα
1249 1695 1427 1748 φράζειν,
1453 1691 1477 1745 ἢ

145 1760 341 1813 μάρτυρας
372 1760 632 1814 παρέχεσθαι·
670 1761 715 1801 οὐ
743 1763 817 1814 γὰρ
852 1763 936 1803 οἶόν
960 1761 994 1802 τ’
1020 1763 1134 1803 ἐνίων
1164 1762 1360 1803 αὐτόπτας
1390 1762 1478 1803 ἐστὶ

190 1880 207 1909 7
234 1870 305 1902 ἐστὶ
323 1874 399 1909 post
416 1870 587 1911 ἀνθρώπων
604 1870 628 1900 S
642 1870 668 1900 L
685 1870 747 1902 aL:
773 1876 853 1901 ante
872 1872 973 1903 οὐδεὶς
991 1870 1020 1901 Α
1034 1870 1077 1902 F:
1103 1871 1183 1902 secl.
1204 1870 1303 1901 Blass
1411 1881 1432 1910 9
1456 1872 1477 1909 ἡ

146 1913 250 1951 βουλὴ
267 1923 333 1944 om.
352 1913 451 1944 Blass
475 1918 613 1943 secutus
637 1913 803 1954 Harpocr.
824 1918 867 1954 (s.
882 1925 911 1945 v.
933 1916 1109 1946 ἀνελοῦσα)
1127 1920 1159 1945 et
1178 1914 1283 1945 schol.
1303 1914 1429 1945 codicis
1447 1914 1475 1944 B

145 1958 203 1988 τὸν
234 1956 360 1996 misaam]
387 1957 429 1986 de
462 1957 681 1988 distinctione
714 1957 755 1989 cf.
786 1957 893 1988 schol.
925 1968 956 1997 p.
986 1960 1062 1998 679,
1091 1969 1130 1998 19
1163 1960 1218 1990 ἐὰν
1250 1958 1285 1989 δὲ
1318 1959 1478 1999 στίξωμεν

147 2000 222 2041 ἄχρι
246 2002 304 2032 τοῦ
327 2001 385 2032 τὸν
409 1999 515 2040 νόμον,
542 2001 691 2032 τοιοῦτόν
719 2003 802 2040 ἐστι,
828 2003 1104 2043 καταφρονήσασα
1126 2002 1145 2039 ἡ
1170 2002 1275 2039 βουλὴ
1299 2004 1356 2033 τοῦ
1381 2002 1479 2040 νόμου

146 2043 336 2075 κελεύοντος
352 2044 463 2085 ’γνώμῃ
480 2045 539 2075 τοῦ
555 2044 655 2083 δήμου
671 2048 925 2085 χειροτονεῖσθαι
942 2046 1000 2077 τὸν
1012 2046 1139 2085 ταμίαν,
1155 2046 1235 2083 αὐτὴ
1250 2046 1346 2086 ἑαυτῇ
1360 2047 1479 2076 τοῦτον

148 2087 377 2128 ἐχειροτόνησε
396 2087 464 2118 καθ’
482 2088 599 2125 ἑαυτήν
617 2095 698 2125 φησι
798 2089 878 2126 αὐτή
898 2088 1030 2119 Iurinus
1048 2100 1054 2118 :
1080 2091 1160 2130 αὐτῇ
1179 2090 1308 2130 (ἑαυτῇ)
1328 2088 1393 2117 FY
1407 2088 1437 2118 O
1451 2087 1477 2118 P

146 2129 222 2160 Vrb.
243 2140 312 2169 pn:
336 2130 435 2168 αὑτήν
449 2130 472 2161 S
487 2130 512 2160 L
526 2130 567 2162 al.
617 2131 791 2170 Duplicem
810 2131 914 2162 fuisse
932 2132 964 2161 in
979 2131 1163 2162 Atticianis
1176 2132 1268 2162 libris
1286 2131 1476 2168 lectionem,

147 2174 247 2211 αὐτὴν
264 2178 298 2203 et
314 2176 405 2216 αὑτῇ,
425 2178 568 2205 testatur
587 2174 752 2214 Harpocr.
774 2179 815 2212 (s.
830 2186 859 2205 v.
881 2176 1056 2211 ἀνελοῦσα)
1077 2181 1110 2206 et
1128 2181 1304 2214 utramque
1323 2174 1477 2213 agnoscit

147 2217 250 2247 schol.
271 2217 396 2247 codicis
415 2217 441 2247 B
462 2217 536 2255 (Or.
555 2217 624 2248 Att.
647 2217 762 2247 Baiter
778 2222 812 2248 et
830 2217 967 2258 Sauppe
985 2218 1006 2248 ii
1028 2220 1106 2258 106)
1221 2228 1259 2248 12
1283 2219 1380 2258 φήσει
1399 2218 1422 2248 S
1437 2217 1476 2248 L¹

146 2270 185 2289 21
213 2259 256 2292 ὧν
279 2261 316 2292 ἂν
335 2260 358 2291 S
371 2260 400 2290 A
420 2273 426 2291 :
450 2259 494 2293 ὧν
512 2261 560 2291 L:
585 2260 630 2293 οἷς
648 2262 685 2292 ἂν
701 2261 790 2299 vulg.
941 2272 981 2300 24
1008 2262 1098 2293 ἐνίων
1115 2261 1210 2292 codd.
1229 2273 1236 2291 z
1264 2262 1366 2302 ἔργων
1385 2260 1476 2291 Weil

147 2303 335 2377 confixi-52,
351 2309 442 2376 rpcte
460 2308 540 2343 puto
631 2309 706 2343 post
724 2304 886 2337 αὐτόπτας
904 2305 977 2336 add.
993 2307 1071 2344 ὑμᾶς
1088 2305 1199 2344 vulg.:
1220 2305 1302 2344 ἡμᾶς
1322 2304 1347 2335 L
1366 2314 1452 2336 corr.
1467 2316 1474 2336 :

146 2356 211 2376 om.
327 2357 363 2377 so
382 2358 388 2376 1

192 2409 375 2440 DEMOSTH„
396 2410 473 2432 vox..
493 2411 528 2431 11.
1325 2404 1346 2434 9

1513 120 1635 176 [⁵99]

1517 243 1562 267 20

1515 841 1556 866 21

1516 1160 1639 1215 [600]

1511 1304 1555 1329 22
