1737 2734
108 547 124 577 5

88 878 124 899 10

86 1279 122 1310 15

85 1612 123 1633 20

149 127 271 181 xxm]
465 128 597 169 KAT’
639 131 1152 170 ΑΡΙΣΤΟΚΡΑΤΟΎΣ

702 252 918 281 ΕΠΙΣΤΟΛΗ.

211 325 263 365 ‘Il
302 328 375 377 μὲν
414 327 544 367 τοίνυν
588 328 795 380 συμμαχία
837 331 918 368 τοῖς
960 330 1180 377 βασιλεῦσι
1218 324 1318 378 [τοῖν
1356 322 1477 377 δυοῖν]

146 396 285 433 τοῦτον
310 393 378 433 τὸν
404 394 551 446 τρόπον
578 395 678 445 μετὰ
704 393 775 443 τὴν
801 393 1070 445 παράκρουσιν
1095 393 1164 443 τὴν
1190 394 1253 433 διὰ
1278 396 1356 433 τῶν
1381 391 1478 444 πρὸς

147 461 427 511 Κηφισόδοτον
467 463 673 510 συνθηκῶν
717 459 955 510 συνεστάθη,
997 460 1068 510 ἤδη
1108 460 1363 500 Μιλτοκύθου
1405 460 1478 510 μὲν

146 526 402 582 ἀνῃρημένου,
439 526 666 578 Χαριδήμου
704 526 736 567 δ’
771 527 871 581 ἔργῳ
908 531 1082 579 φανεροῦ
1117 525 1381 579 γεγενημένου
1417 527 1478 566 ὅτι

146 594 215 643 τῆς
239 594 395 635 πόλεως
428 594 568 646 ἐχθρός
593 595 715 634 ἐστιν.
790 592 832 635 ὃς
859 595 934 645 γὰρ
959 593 1003 633 ὃν
1028 592 1108 649 ᾔδει
1142 595 1204 633 διὰ
1233 592 1380 635 παντὸς
1409 595 1478 632 τοῦ

146 660 291 712 χρόνου
321 659 478 700 πάντων
507 663 584 700 τῶν
611 662 781 714 Θρᾳκῶν
813 659 1075 700 εὐνούστατον
1105 659 1186 700 ὄνθ’
1211 659 1312 710 ὑμῖν,
1340 663 1477 700 τοῦτον

146 725 283 775 ἠξίωσ’
308 725 536 779 ὑποχείριον
559 727 702 777 λαβὼν
726 730 808 768 τοῖς
834 725 1034 779 ὑμετέροις
1060 728 1216 780 ἐχθροῖς
1242 729 1477 779 Καρδιανοῖς

146 793 381 846 ἐγχειρίσαι,
409 796 489 834 πῶς
519 792 564 832 οὐ
592 792 770 845 μεγάλης
799 792 944 845 ἔχθρας
974 796 1113 846 δεῖγμα
1139 797 1235 845 πρὸς
1263 793 1362 844 ὑμᾶς
1391 791 1475 844 ε’ξέι

146 865 286 911 φερεν,·
325 860 369 902 ἃς
403 859 448 909 δὴ
483 859 550 900 τὸν
585 861 760 911 πόλεμον
795 861 929 902 δεδιὼς
962 860 1030 900 τὸν
1062 860 1159 912 πρὸς
1191 860 1281 901 τοὺς
1315 862 1477 915 Θρᾷκας

146 926 209 966 καὶ
244 925 341 979 πρὸς
376 925 651 978 Ἀθηνόδωρον
687 924 906 976 ἐποιήσατο
943 925 1140 978 συνθήκας
1177 928 1276 978 μετὰ
1312 926 1419 967 ταῦθ’
1456 927 1477 966 ὁ

145 992 473 1045 Κερσοβλέπτης,
500 992 610 1045 λέγε.

699 1119 921 1148 ΣὙΝΘΗΚΑΙ.

209 1196 344 1233 Ταῦτα
372 1195 502 1234 τοίνυν
526 1192 686 1246 γράψας
720 1195 782 1234 καὶ
812 1193 1064 1244 συνθέμενος,
1094 1194 1155 1234 καὶ
1184 1193 1253 1234 τὸν
1285 1194 1402 1245 ὅρκον
1431 1192 1476 1234 ὃν

143 1259 332 1309 ἠκούσαθ’
351 1260 460 1311 ὑμεῖς
485 1261 648 1311 ὀμόσας,
671 1260 803 1310 ἐπειδὴ
824 1261 895 1310 τὴν
920 1262 993 1312 μὲν
1013 1260 1286 1313 Ἀθηνοδώρου
1311 1260 1475 1310 δύναμιν

144 1326 404 1379 διαφειμένην
437 1327 550 1374 εἶδεν,
582 1333 652 1382 μιᾷ
684 1330 725 1367 δὲ
757 1329 881 1378 μόνον
915 1326 1063 1379 τριήρει
1095 1328 1280 1379 Χαβρίαν
1312 1327 1472 1377 ἥκοντα,

143 1394 232 1434 οὔτε
256 1394 325 1434 τὸν
350 1393 529 1446 Ἰφιάδου
558 1393 783 1445 παρέδωκεν
807 1394 890 1435 υἱὸν
918 1391 1034 1446 [ὑμῖν]
1060 1393 1139 1433 οὔτ’
1164 1393 1257 1434 ἄλλ’
1282 1393 1395 1434 οὐδὲν
1420 1394 1475 1434 ὧν

144 1460 267 1511 ὤμοσ’
287 1462 489 1510 ἐποίησεν,
511 1461 618 1500 ἀλλὰ
645 1461 706 1501 καὶ
727 1461 816 1513 περὶ
841 1464 919 1501 τῶν
938 1461 1075 1501 ἄλλων
1094 1464 1172 1500 τῶν
1192 1459 1475 1513 γεγραμμένων

144 1528 187 1567 ἐν
212 1531 297 1569 ταῖς
323 1527 535 1578 συνθήκαις
567 1526 729 1579 ἔξαρνος
754 1529 946 1580 γίγνεται,
977 1528 1039 1568 καὶ
1064 1527 1213 1580 γράφει
1238 1528 1381 1568 ταύτας
1405 1529 1475 1568 τὰς

144 1592 355 1644 συνθήκας.
425 1593 532 1645 λαβέ
557 1611 623 1645 μοι
650 1595 711 1634 καὶ
736 1593 831 1646 λέγε
857 1595 1037 1635 ταυτασί.

695 1726 916 1754 ΣΎΝΘΗΚΑῙ.

210 1799 463 1850 Ἐνθυμεῖσθ’
488 1800 549 1839 ὅτι
583 1799 645 1838 καὶ
674 1799 769 1849 τέλη
800 1801 862 1840 καὶ
896 1799 1060 1841 δεκάτας
1092 1799 1201 1850 {glou
1231 1799 1469 1851 λαμβάνειν,

144 1866 204 1907 καὶ
229 1866 351 1907 πάλιν
377 1866 427 1908 ὡς
451 1867 569 1905 αὑτοῦ
594 1868 663 1915 τῆς
692 1866 824 1919 χώρας
849 1867 970 1916 οὔσης
994 1866 1084 1908 τοὺς
1110 1868 1254 1918 λόγους
1285 1868 1469 1914 ἐποιεῖτο,

141 1934 232 1975 τοὺς
271 1933 559 1984 δεκατηλόγους
599 1931 719 1982 ἀξιῶν
758 1932 848 1975 τοὺς
886 1934 1003 1973 αὑτοῦ
1040 1937 1118 1973 τῶν
1156 1937 1283 1973 τελῶν
1321 1935 1471 1985 κυρίους

142 2000 255 2047 εἶναι,
284 2000 345 2040 καὶ
369 1999 437 2039 τὸν
461 2000 609 2051 ὅμηρον
633 1999 701 2039 τὸν
726 1999 811 2040 υἱὸν
834 1999 902 2039 τὸν
922 1999 1111 2051 Ἰφιάδου,
1134 1999 1177 2039 ὃν
1197 2001 1294 2051 ὑπὲρ
1314 2003 1471 2050 Σηστοῦ

141 2067 245 2120 ἔχων
278 2067 411 2117 ὤμοσε
441 2065 536 2117 πρὸς
567 2065 634 2106 τὸν
668 2065 942 2118 Ἀθηνόδωρον
975 2067 1238 2118 παραδώσειν,
1271 2066 1350 2106 οὐδ’
1380 2068 1466 2107 ὑπι-

183 2187 204 2208 2
235 2179 302 2209 τοῖς
326 2178 500 2214 βασιλεῦσι
528 2179 597 2208 τοῖν
625 2179 712 2208 δυοῖν
740 2176 873 2207 SYO:
911 2180 982 2209 τοῖν
1010 2177 1180 2213 βασιλέοιν
1208 2180 1278 2209 τοῖν
1305 2179 1393 2209 δυοῖν
1415 2177 1468 2208 A:

140 2223 210 2253 τοῖν
225 2223 312 2252 δυοῖν
329 2222 498 2258 βασιλέοιν
516 2219 541 2250 F
556 2231 562 2249 2
587 2222 657 2251 τοῖν
674 2222 761 2251 δυοῖν
779 2220 945 2250 Dindorf:
974 2224 1040 2252 τοῖς
1059 2225 1233 2257 βασιλεῦσι
1252 2222 1324 2250 edd.
1345 2221 1444 2252 Turr.
1461 2232 1466 2250 :

140 2266 209 2296 τοῖν
233 2263 404 2302 βασιλέοιν
429 2263 633 2301 Rosenberg
780 2264 800 2293 8
832 2264 1017 2304 ὑποχείριον
1042 2269 1117 2303 post
1143 2266 1279 2306 ἠξίωσεν
1302 2264 1357 2294 A:
1388 2269 1467 2295 ante

139 2308 254 2349 ἠξίωσε
273 2307 297 2338 S
314 2307 403 2345 vulg.
541 2316 578 2345 15
604 2309 689 2346 ὑμεῖς
706 2311 783 2345 post
800 2306 961 2344 ἠκούσατε
979 2307 1009 2336 Α
1026 2318 1032 2337 :
1057 2312 1136 2338 ante
1154 2308 1314 2346 ἠκούσατε
1333 2308 1357 2339 S
1374 2308 1462 2346 vulg.

142 2361 179 2390 17
213 2352 280 2383 υἱὸν
310 2353 383 2390 ὑμῖν
411 2349 465 2380 A:
505 2350 571 2381 υἱὸν
601 2351 677 2388 ἡμῖν
709 2350 771 2380 SF
783 2361 790 2380 x
830 2351 906 2389 ἡμῖν
938 2351 1005 2383 υἱὸν
1028 2348 1123 2381 YO:
1164 2352 1231 2384 υἱὸν
1263 2351 1468 2392 Rosenberg

139 2404 180 2433 25
205 2394 341 2425 tertium
358 2395 419 2425 τὸν
434 2393 523 2432 vulg.
541 2403 549 2423 :
573 2395 630 2424 τοῦ
647 2393 671 2424 S
683 2393 713 2423 Y
726 2392 757 2424 Ο

1511 131 1631 185 [679]

1511 245 1631 300 [679]

1514 337 1576 374 175

1512 1203 1576 1245 176

1506 1815 1570 1851 Ι77
