1737 2734
117 171 232 225 [798]

189 482 234 524 96

114 543 232 596 [799]

188 892 230 925 97

186 1953 231 1987 99

665 164 1183 219 [ΔΗΜΟΣΘΕΝΟΎΣ]
1490 166 1588 219 [xxv

267 273 286 324 ἦ
325 276 427 316 ὅλως
464 273 688 324 ἀπέκοψαν,
723 274 822 312 οὕτω
860 277 974 312 τοῦτο
1010 272 1054 312 τὸ
1091 274 1226 324 θηρίον
1264 274 1361 322 ὑμᾶς
1397 271 1585 324 ἐξορίσαι,

264 343 380 393 ῥῖψαι
405 343 447 381 ἐκ
473 342 541 390 τῆς
572 340 739 384 πόλεως,
767 340 938 385 ἀνελεῖν,
964 339 1016 389 μὴ
1043 339 1344 390 περιμείιιάντάς
1369 356 1407 378 τι
1431 342 1585 386 παθεῖν,

266 408 285 447 ’ὀ
318 407 405 458 μήτ’
433 408 509 460 ἰδίᾳ
539 405 635 456 μήτε
667 407 836 458 δημοσίᾳ
868 406 1036 456 γένοιτο,
1065 406 1172 445 ἀλλὰ
1203 405 1585 456 προευλαβηθέντας.

266 475 333 514 ὡδὶ
359 476 433 525 γὰρ
458 475 584 524 ὁρᾶτε.
647 471 785 512 οὐδένα
810 472 959 512 πώποτ’
980 474 1076 513 ἴσως
1099 473 1207 521 ὑμῶν
1233 472 1317 524 ἔχις
1343 473 1480 512 ἔδακεν
1499 472 1588 513 οὐδὲ

266 539 508 591 φαλάγγιον,
529 542 625 589 μηδὲ
652 538 773 578 δάκοι·
813 538 905 578 ἀλλ’
925 540 1028 588 ὅμως
1048 539 1202 578 ἅπαντα
1220 540 1267 577 τὰ
1287 542 1458 583 τοιαῦτα,
1488 540 1587 579 ἐπὰν

266 609 382 655 ἰ’ὃητε,
420 607 684 646 ἀποκτείνετε.
756 604 825 644 τὸν
865 604 980 644 αὐτὸν
1018 607 1150 645 τοίνυν
1185 605 1345 655 τρόπον,
1384 603 1413 644 ὦ
1450 605 1587 656 ἄνδρες

265 673 480 722 Ἀθηναῖοι,
518 673 580 711 καὶ
613 673 707 711 ὅταν
741 671 997 722 συκοφάντην
1031 673 1093 711 καὶ
1126 671 1264 722 πικρὸν
1299 672 1361 710 καὶ
1397 672 1484 725 ἔχιν
1516 672 1587 721 τὴν

264 740 391 790 φύσιν
432 739 640 789 ἄνθρωπον
682 739 801 787 ἴδητε,
845 737 899 787 μὴ
939 737 1026 778 πόθ’
1071 739 1238 778 ἕκαστον
1279 739 1387 787 ὑμῶν
1429 737 1586 789 δήξεται

264 805 505 857 περιμένετε,
536 805 626 844 ἀλλ’
654 805 673 843 ὁ
698 805 935 856 προστυχὼν
961 806 1020 844 ἀεὶ
1046 804 1350 856 τιμωρησάσθω.

332 876 554 923 Λυκοῦργος
579 874 650 921 μὲν
675 871 743 910 οὖν
770 871 840 920 τὴν
867 871 1040 920 Ἀθηνᾶν
1067 872 1299 922 ἐμαρτύρετο
1326 872 1388 911 καὶ
1412 871 1482 921 τὴν
1512 889 1584 921 μη-

263 939 357 990 τέρα
380 943 458 978 τῶν
485 941 596 983 θεῶν,
626 938 686 977 καὶ
715 941 843 978 καλῶς
870 939 1006 979 ἐποίει.
1080 939 1157 989 ἐγὼ
1188 940 1228 977 δὲ
1252 938 1343 979 τοὺς
1369 939 1586 989 προγόνους

262 1006 351 1047 τοὺς
384 1004 591 1056 ὑμετέρους
625 1005 686 1043 καὶ
719 1006 789 1045 τὰς
823 1005 962 1054 ἀρετὰς
999 1006 1067 1045 τὰς
1106 1005 1263 1044 ἐκείνων
1300 1005 1496 1050 ἀνακαλῶ,
1532 1006 1586 1044 ὧν

262 1072 341 1112 οὐδ’
368 1073 388 1111 ὁ
413 1072 553 1125 χρόνος
580 1071 650 1120 τὴν
684 1069 839 1120 μνήμην
864 1070 1070 1121 ἠφάνικεν,
1099 1071 1270 1112 εἰκότως·
1307 1071 1585 1110 ἐπολιτεύοντο

262 1141 337 1191 γὰρ
363 1138 452 1191 οὐχὶ
478 1141 559 1178 τοῖς
585 1137 868 1188 πονηροτάτοις
900 1137 960 1175 καὶ
991 1136 1259 1187 συκοφάνταις
1290 1141 1494 1188 συνεργεῖν
1527 1139 1582 1176 δι-

263 1206 396 1247 δόντες
431 1205 601 1249 ἑαυτούς,
634 1204 721 1244 οὐδὲ
754 1203 823 1243 τὸν
857 1203 967 1243 ἐντὸς
999 1205 1154 1256 τείχους
1188 1204 1337 1253 φθόνον
1371 1204 1585 1244 ἀσκοῦντες

264 1271 324 1312 ἐπ’
352 1271 566 1321 ἀλλήλους,
595 1271 701 1310 ἀλλὰ
727 1272 789 1309 καὶ
814 1274 891 1309 τῶν
915 1270 1090 1321 ῥητόρων
1118 1269 1180 1308 καὶ
1204 1273 1281 1309 τῶν
1309 1271 1472 1309 ἰδιωτῶν
1495 1270 1585 1310 τοὺς

261 1341 333 1388 μὲν
354 1339 567 1390 σώφρονας
595 1338 656 1376 καὶ
683 1336 880 1390 χρηστοὺς
900 1340 1099 1386 τιμῶντες,
1122 1336 1212 1376 τοὺς
1237 1338 1277 1375 δὲ
1303 1336 1496 1386 πονηροὺς
1523 1337 1585 1375 καὶ

262 1408 421 1456 θρασεῖς
446 1408 652 1455 μισοῦντες
680 1404 740 1443 καὶ
768 1403 1011 1452 κολάζοντες.
1083 1402 1130 1453 ἐξ
1158 1403 1211 1442 ὧν
1242 1402 1385 1444 πάντες
1417 1403 1585 1452 ἀθληταὶ

262 1475 337 1511 τῶν
364 1476 496 1511 καλῶν
521 1472 646 1522 ἔργων
671 1469 867 1521 ἐγένοντο.

323 1536 398 1578 ’Ἑν
425 1537 456 1577 δ’
484 1538 604 1578 εἰπὼν
629 1538 686 1577 ἔτι
712 1536 944 1576 παύσασθαι
974 1536 1184 1586 βούλομαι.
1258 1535 1351 1586 ἔξιτ’
1376 1536 1514 1575 αὐτίκα
1538 1535 1583 1584 δὴ
1608 1557 1621 1578 2

261 1604 353 1654 μάλ’
380 1607 422 1644 ἐκ
451 1608 519 1644 τοῦ
550 1604 815 1654 δικαστηρίου,
842 1601 1090 1652 θεωρήσουσι
1121 1603 1154 1642 δ’
1182 1604 1279 1653 ὑμᾶς
1309 1604 1344 1642 οἱ
1374 1619 1582 1653 περιεστη-

263 1672 372 1712 κότες
399 1673 460 1711 καὶ
486 1670 592 1721 ξένοι
618 1671 680 1710 καὶ
706 1673 879 1715 πολῖται,
907 1669 968 1709 καὶ
996 1669 1076 1708 κατ’
1103 1669 1210 1721 ἄνδρ’
1238 1671 1293 1710 εἰς
1324 1670 1492 1709 ἕκαστον
1517 1672 1584 1708 τὸν

262 1738 452 1789 παριόντα
484 1737 715 1789 βλέψονται
749 1737 810 1776 καὶ
840 1735 1270 1787 φυσιογνωμονήσουσι
1303 1736 1392 1776 τοὺς
1425 1736 1581 1786 ἀπεψη-

779 1806 795 1814 a
819 1803 827 1816 Ὶ
867 1801 885 1816 ’ἢ

261 1804 493 1855 φισμένους.
558 1805 598 1843 τί
621 1804 687 1843 οὖν
714 1804 815 1855 ἐρειτ
832 1835 840 1848 ,
863 1822 892 1842 ω
918 1803 1055 1853 ἄνδρες
1079 1802 1293 1851 Ἀθηναῖοι,
1316 1803 1349 1842 εἰ
1375 1801 1585 1853 προέμενοι

261 1872 350 1912 τοὺς
387 1871 528 1922 νόμους
565 1869 687 1920 ἔξιτε;
737 1871 865 1911 ποίοις
901 1870 1130 1920 προσώποις
1162 1866 1186 1918 ἢ
1218 1871 1325 1909 τίσιν
1361 1869 1584 1920 ὀφθαλμοῖς
1610 1891 1641 1921 ‘5

262 1938 355 1989 πρὸς
381 1938 551 1978 ἕκαστον
575 1938 724 1976 τούτων
750 1935 1071 1987 ἀντιβλέψεσθε;
1107 1939 1188 1976 πῶς
1213 1935 1245 1974 δ’
1267 1937 1321 1976 εἰς
1339 1934 1383 1974 τὸ
1408 1938 1584 1988 μητρῷον

259 2007 481 2054 βαδιεῖσθε,
517 2004 564 2044 ἄν
597 2021 634 2043 τι
667 2003 894 2054 mamere&
932 2003 977 2042 οὐ
1009 2004 1082 2054 γὰρ
1116 2002 1240 2052 δήπου
1274 2001 1357 2041 καθ’
1393 2001 1447 2041 ἕν’
1477 2002 1584 2051 ὑμῶν

260 2072 427 2113 ἕκαστος
453 2071 505 2113 ὡς
529 2070 594 2111 ἐπὶ
620 2071 770 2121 κυρίους
800 2070 890 2110 τοὺς
920 2070 1062 2119 νόμους
1093 2070 1341 2119 πορεύσεται,
1369 2069 1402 2108 εἰ
1432 2071 1499 2108 νῦν
1531 2067 1583 2118 μὴ

302 2191 319 2209 2
344 2180 391 2220 τι]
409 2181 447 2212 τὸ
464 2179 572 2210 Cobet
727 2180 748 2208 6
773 2181 877 2215 (ἴδητε
896 2178 919 2207 S
932 2177 961 2207 Α
1083 2179 1170 2209 εὐθὺς
1187 2183 1265 2208 ante
1284 2177 1490 2209 ἀποκτείνετε
1506 2177 1581 2207 add.

260 2225 282 2252 S
300 2237 349 2263 γρ.
444 2224 653 2254 ἀποκτενεῖτε
673 2222 697 2251 F
828 2231 849 2259 9
873 2220 1103 2259 τιμωρησάσθω
1122 2221 1144 2250 S
1158 2221 1186 2250 Y
1201 2221 1231 2252 O
1248 2233 1254 2251 ε
1279 2221 1475 2261 τιμωρείσθω
1491 2220 1581 2259 vulg.

262 2277 295 2296 11
324 2269 428 2299 καλῶς
445 2266 477 2307 γ’
497 2266 563 2296 FO
730 2274 767 2302 14
793 2267 964 2305 συνεργοὺς
983 2264 1091 2295 Cobet
1248 2275 1288 2294 22
1313 2267 1356 2296 εἷς
1374 2264 1512 2295 ἕκαστον
1528 2265 1585 2294 τὸν

259 2309 346 2348 vulg.
366 2321 372 2339 ε
398 2311 441 2342 εἰς
460 2310 601 2341 ἕκαστον
617 2308 665 2340 A:
694 2307 736 2340 εἷς
754 2308 889 2339 ἕκαστος
910 2307 932 2337 S
946 2307 974 2337 Y
989 2308 1019 2338 O
1178 2318 1219 2346 23
1245 2307 1523 2348 ἀπεψηφισμένους
1541 2307 1582 2344 Α,

258 2353 298 2383 cs.
317 2357 332 2390 ξ
352 2364 411 2383 100
428 2365 434 2383 ι
458 2352 761 2393 ἀποψηφισαμένους
777 2351 800 2380 S
815 2351 903 2389 vulg.
997 2361 1038 2390 25
1064 2353 1243 2392 προσώποις
1261 2362 1325 2381 om.
1348 2351 1370 2379 S
1385 2350 1413 2380 Y
1427 2350 1450 2380 S
1468 2350 1557 2388 vulg.
1577 2361 1584 2379 ε

258 2397 333 2426 add.
354 2397 441 2436 vu1g.
464 2396 486 2426 S
503 2410 554 2437 γρ.
576 2395 606 2425 Y
623 2409 673 2436 γρ.
778 2405 816 2433 27
843 2394 886 2426 εἷς
906 2396 963 2430 (εἷς
983 2393 1036 2435 Sl)
1053 2401 1130 2425 ante
1149 2394 1217 2426 καθ’
1235 2395 1291 2426 ἕνα
1306 2395 1381 2424 add.
1401 2405 1407 2423 ἰ
1432 2403 1495 2424 om.
1517 2392 1582 2423 AF

259 2442 299 2469 28
323 2442 362 2472 ὡς
380 2440 409 2469 Α
426 2452 432 2470 :
459 2442 566 2479 ὥσπερ
583 2439 606 2468 S
626 2438 715 2477 vulg.

1611 892 1646 913 10
