1737 2734
109 147 219 201 [550]

156 598 221 634 ιφ

155 1130 220 1156 ΙΙΟ

113 1634 214 1688 [551]

152 1699 211 1725 111

150 2129 213 2155 112

671 149 1154 186 ΔΗΜΟΣΘΕΝΟΥΣ
1487 144 1572 198 [xxx

249 254 426 303 ἀκούητε,
459 253 563 293 τοῦθ’
596 253 808 295 ὑποθέντες
841 254 1001 293 ἀκούετε
1035 260 1081 310 τῇ
1112 254 1260 309 γνώμῃ,
1292 256 1334 294 τί
1364 254 1422 299 ἄν,
1451 256 1487 294 εἴ
1515 271 1575 296 τις

249 320 404 372 ἔπασχε
424 320 531 359 ταῦθ’
549 321 667 369 ὑμῶν,
687 321 823 365 ἐποίει,
846 320 907 359 καὶ
927 319 998 359 τίν’
1016 320 1063 360 ἀν
1081 319 1188 373 εἶχεν
1205 320 1326 371 ὀργὴν
1342 321 1438 371 ὑπὲρ
1457 321 1576 360 αὑτοῦ

249 387 344 437 πρὸς
363 386 431 425 τὸν
452 389 650 426 ποιοῦντα.
707 387 784 437 ἐγὼ
805 389 880 437 γὰρ
901 387 1099 438 ἐνηνοχὼς
1119 390 1305 439 χαλεπῶς
1326 387 1390 437 ἐφ’
1411 388 1468 428 οῖς
1488 389 1576 438 περὶ

249 452 319 501 τὴν
343 453 582 507 λῃτουργίαν
601 453 811 503 ὑλιόρίσθην,
836 454 892 492 ἔτι
914 456 1049 506 πολλῷ
1076 453 1367 504 χαλεπώτερον,
1390 451 1417 492 ὦ
1439 453 1575 504 ἄνδρες

249 518 463 568 Ἀθηναῖοι,
484 518 635 560 τούτοις
660 523 742 560 τοῖς
768 521 865 569 μετὰ
890 518 995 557 ταῦτ’
1017 518 1187 570 ἐνήνοχα
1213 519 1274 557 καὶ
1298 521 1453 568 μᾶλλον
1478 519 1573 571 ἠγα-
1597 535 1611 565 5

248 584 433 634 νάκτηκα.
503 586 545 624 τί
576 587 651 636 γὰρ
689 585 739 626 ὡς
774 586 931 634 ἀληθῶς
969 585 1089 636 πέρας
1125 585 1172 625 ἂν
1209 584 1354 635 φήσειέ
1387 602 1444 626 τις
1478 584 1576 626 εἶναι

249 652 384 692 κακίας
431 652 493 691 καὶ
534 651 608 691 τίν’
651 652 882 703 ὑπερβολὴν
927 652 1123 692 ἀναιδείας
1173 652 1234 690 καὶ
1275 651 1474 701 ὠμότητος
1513 654 1576 692 καὶ

249 719 412 769 ὕβρεως,
441 718 646 769 ἄνθρωπος
673 720 706 758 εἰ
732 717 904 767 ποιήσας
936 720 1044 757 δεινὰ
1069 717 1115 767 νὴ
1149 719 1227 757 Δία
1254 719 1315 758 καὶ
1347 717 1466 758 πόλλ’
1491 719 1573 758 ἀδί-

248 801 323 825 κως
348 784 448 829 τινά,
477 786 562 824 ἀντὶ
587 788 655 824 τοῦ
680 785 788 824 ταῦτ’
810 783 1110 834 ἀναλαμβάνειν
1138 783 1200 823 καὶ
1224 785 1574 836 μεταγιγνώσκειν,

248 855 385 905 πολλῷ
413 851 598 902 δεινότερ’
625 853 792 902 ὕστερον
818 851 925 890 ἄλλα
956 850 1326 902 προσεξεργάζοιτο,
1356 852 1416 890 καὶ
1447 854 1577 905 χρῷτο
1600 871 1636 892 10

246 922 298 971 τῷ
332 922 517 958 πλουτεῖν
553 918 604 967 μὴ
640 918 704 958 ἐπὶ
742 917 847 957 ταῦτ’
881 919 923 957 ἐν
957 918 1015 958 οῖς
1050 917 1198 967 μηδένα
1233 917 1428 967 βλάπτων
1462 917 1577 959 αὐτὸς

247 984 408 1034 ἄμεινόν
443 1001 480 1024 τι
512 988 591 1024 τῶν
626 985 734 1025 ἰδίων
769 983 947 1033 θήσεται,
983 984 1074 1024 ἀλλ’
1110 985 1174 1024 ἐπὶ
1206 985 1406 1030 τάναντία,
1443 985 1485 1024 ἐν
1518 985 1576 1025 οἷς

247 1051 388 1092 ἀδίκως
415 1051 627 1102 ἐκβάλλων
652 1053 739 1091 τινὰ
775 1052 836 1090 καὶ
872 1052 1175 1101 προπηλακίσας
1200 1051 1318 1091 αὑτὸν
1345 1051 1580 1101 εὐδαιμονιεῖ

247 1120 314 1167 τῆς
355 1119 601 1170 περιουσίας;
641 1121 761 1158 ταῦτα
794 1120 937 1163 τοίνυν,
971 1116 1000 1157 ὦ
1033 1118 1170 1169 ἄνδρες
1201 1117 1417 1167 Ἀθηναῖοι,
1450 1118 1578 1158 πάντα

246 1185 367 1238 τούτῳ
400 1185 618 1236 πέπρακται
653 1185 734 1224 κατ’
765 1187 871 1234 ἐμοῦ.
944 1187 1006 1225 καὶ
1039 1187 1115 1237 γαρ
1148 1186 1275 1225 αἰτίαν
1305 1184 1480 1237 ἐπήγαγέ
1512 1203 1578 1235 μοι
1602 1205 1636 1236 15

247 1252 373 1303 φόνου
411 1254 538 1303 ψευδῆ
580 1253 642 1291 καὶ
678 1253 791 1292 οὐδὲν
826 1253 911 1301 ἐμοὶ
947 1251 1241 1303 προσήκουσαν,
1271 1253 1321 1293 ὡς
1354 1252 1399 1292 τὸ
1432 1251 1578 1303 πρᾶγμ’

246 1319 329 1358 αὕτ’
365 1318 582 1368 ἐδήλωσεν,
612 1319 674 1358 καὶ
710 1319 870 1370 γραφὴν
905 1321 1136 1368 λιποταξίου
1167 1319 1205 1369 μ’
1231 1319 1437 1371 ἐγράψατο
1475 1323 1578 1370 τρεῖς

245 1386 360 1427 αὐτὸς
401 1385 532 1436 τάξεις
574 1387 788 1431 λελοιπώς,
829 1387 891 1425 καὶ
934 1391 1011 1426 τῶν
1054 1388 1096 1426 ἐν
1139 1387 1294 1440 Εὐβοίᾳ
1336 1385 1578 1438 πραγμάτων

245 1451 367 1502 (τουτὶ
396 1455 471 1504 γὰρ
501 1453 548 1493 αὖ
579 1457 718 1505 μικροῦ
752 1453 931 1503 παρῆλθέ
961 1453 999 1503 μ’
1026 1452 1177 1501 εἰπεῖν),
1209 1454 1233 1493 ὃ.
1264 1454 1527 1506 Πλούταρχος
1558 1453 1578 1492 ὁ

246 1520 384 1560 τούτου
425 1518 536 1568 ξένος
574 1522 636 1561 καὶ
679 1522 799 1572 φίλος
836 1520 1083 1571 διεπράξατο,
1123 1520 1174 1562 ὡς
1209 1521 1287 1572 ἐγὼ
1323 1520 1447 1561 αἴτιός
1485 1521 1576 1569 εἶμι,
1601 1536 1638 1557 20

249 1587 507 1636 κατεσκεύαζε
528 1587 602 1638 πρὸ
622 1591 691 1628 τοῦ
712 1588 757 1628 τὸ
776 1591 937 1639 πρᾶγμα
963 1586 1150 1639 γενέσθαι
1170 1589 1294 1627 πῖισιν
1321 1586 1495 1638 φανερὸν
1515 1588 1579 1626 διὰ

250 1652 512 1706 Πλουτάρχου
533 1655 711 1706 γεγονός.
764 1656 825 1694 καὶ
846 1658 1039 1694 τελευτῶν
1059 1654 1268 1704 βουλεύειν
1289 1670 1362 1703 μου
1382 1654 1579 1705 λαχόντος

248 1720 553 1770 δοκιμαζομένου
585 1723 805 1773 κατηγόρει,
835 1722 895 1760 καὶ
927 1721 972 1760 τὸ
1003 1720 1148 1772 πρᾶγμ’
1176 1722 1229 1761 εἷς
1255 1721 1482 1771 ὑπέρδεινόν
1511 1736 1578 1769 μοι

248 1786 448 1837 περιέστη·
492 1788 578 1828 ἀντὶ
609 1790 683 1840 γὰρ
714 1791 782 1828 τοῦ
809 1789 919 1837 δίκην
947 1789 1040 1837 ὑπὲρ
1071 1789 1125 1827 ὧν
1152 1789 1386 1827 ἐπεπόνθειν
1415 1789 1575 1836 λαβεῖν,

247 1857 379 1893 δοῦναι
405 1853 643 1905 πραγμάτων
664 1856 717 1894 ὧν
740 1855 853 1895 οὐδὲν
875 1856 960 1904 ἐμοὶ
980 1857 1181 1906 προσῆκεν
1208 1855 1465 1894 ἐκινδύνευον.
1515 1853 1577 1892 καὶ
1601 1868 1635 1899 25

246 1924 366 1960 ταῦτα
385 1920 556 1974 πάσχων
577 1923 653 1973 ἐγὼ
674 1924 735 1962 καὶ
752 1926 889 1961 τοῦτον
907 1922 975 1961 τὸν
995 1922 1140 1971 τρόπον
1162 1921 1205 1960 ὃν
1223 1920 1474 1973 διεξέρχομαι
1494 1920 1577 1960 νυνὶ

246 1987 343 2037 πρὸς
367 1989 465 2038 ὑμᾶς
495 1989 769 2039 ἐλαυνόμενος,
798 1989 866 2028 οὐκ
898 1988 951 2028 ὢν
981 1990 1067 2028 οὔτε
1098 1992 1176 2028 τῶν
1207 1987 1457 2038 ἐρημοτάτων
1488 1987 1576 2026 οὕτε

245 2057 324 2094 τῶν
355 2055 514 2106 ἀπόρων
545 2058 696 2112 κομιδῇ,
730 2055 799 2095 οὐκ
829 2056 922 2108 ἔχω,
955 2054 983 2095 ὦ
1018 2055 1155 2106 ἄνδρες
1185 2054 1400 2103 Ἀθηναῖοι,
1433 2055 1473 2093 τί
1499 2054 1575 2106 χρὴ

246 2123 424 2171 ποιῆσαι.
498 2124 531 2162 εἰ
568 2124 642 2174 γὰρ
681 2124 804 2163 εἰπεῖν
839 2139 877 2162 τι
915 2124 976 2162 καὶ
1009 2123 1097 2173 περὶ
1134 2123 1282 2161 τούτων
1318 2121 1389 2171 ἤδη
1427 2123 1497 2165 δεῖ,
1532 2120 1576 2159 οὐ

294 2241 306 2260 Ι
335 2231 472 2268 ἀκούητε
500 2231 544 2262 F:
582 2231 722 2269 ἆκούητέ
743 2246 802 2270 μου
827 2232 879 2262 A:
912 2232 1073 2268 ἀκούσητε
1101 2231 1124 2262 S
1150 2231 1191 2262 al.
1329 2241 1367 2270 13
1402 2230 1575 2266 ἐκβάλλων

248 2275 293 2304 S:
331 2276 478 2310 ἐκβαλών
502 2280 596 2307 cett..
622 2275 661 2305 cf.
693 2278 706 2310 ξ
737 2285 794 2313 115
938 2286 977 2312 24
1005 2275 1081 2315 ὑπὲρ
1106 2285 1160 2305 om
1198 2274 1289 2305 AF:
1322 2275 1398 2304 add.
1427 2273 1575 2304 SYOP

247 2327 286 2356 25
312 2319 402 2355 δίκην
420 2324 499 2348 ante
514 2319 713 2350 ἐκινδύνευον
727 2320 803 2350 add.
819 2318 842 2349 S
856 2319 884 2349 Y
897 2318 926 2349 O
943 2319 988 2349 P:
1014 2328 1079 2349 om.
1095 2319 1126 2348 A
1140 2318 1165 2348 F
1254 2319 1296 2348 26
1319 2320 1356 2350 ὃν
1373 2317 1574 2358 διεξέρχομαι

245 2361 364 2400 τρόπον
383 2361 479 2392 Blass
496 2372 570 2392 cum
590 2361 730 2392 Aristid.
