1737 2734
152 535 168 565 5

133 866 170 888 10

132 1200 168 1232 15

191 140 307 195 xxxv]
528 146 686 183 ΚΑΤΑ
734 146 1185 184 ΤΙΜΟΚΡΑΤΟὙΣ

190 266 227 289 τι
246 253 324 289 τῶν
349 251 390 289 ἐκ
417 254 494 290 τῶν
520 250 749 302 γυμνασίων
773 249 963 302 ὑφέλοιτο
989 247 1011 300 ἦ
1039 252 1080 290 ἐκ
1106 254 1183 290 τῶν
1207 250 1395 301 λιμένων,
1422 251 1519 302 ὑπὲρ

191 316 283 356 δέκα
310 316 501 369 δραχμάς,
529 317 592 356 καὶ
617 317 769 358 τούτοις
798 316 971 356 θάνατον
1001 317 1291 367 ἐνομοθέτησεν
1321 318 1421 358 εἶναι
1448 317 1520 367 τὴν

193 384 343 433 ζημίαν.
415 385 448 423 εἰ
474 383 516 424 δέ
540 400 598 425 τις
624 384 727 423 ἰδίαν
751 384 861 433 δίκην
888 385 1038 433 κλοπῆς
1068 384 1197 434 ἁλοίη,
1224 383 1416 436 ὑπάρχειν
1447 386 1519 435 μὲν

190 450 292 504 αὐτῷ
313 449 527 490 διπλάσιον
547 450 757 490 ἀποτεῖσαι
774 453 818 489 τὸ
837 449 1012 500 τιμηθέν,
1031 453 1304 501 προστιμῆσαι
1321 451 1355 491 δ’
1376 450 1520 501 ἐξεῖναι

190 520 243 570 τῷ
274 518 514 571 δικαστηρίῳ
544 516 641 568 πρὸς
673 520 726 570 τῷ
759 517 930 570 ἀργυρίῳ
955 517 1105 567 δεσμὸν
1134 521 1187 571 τῷ
1218 517 1381 573 κλέπτῃ,
1410 517 1519 558 πένθ’

189 582 336 636 ἡμέρας
367 585 429 623 καὶ
459 585 599 625 νύκτας
630 585 734 629 ἴσας,
762 581 868 625 ὅπως
902 584 1024 637 ὁρῷεν
1055 583 1226 626 ἅπαντες
1259 584 1377 624 αὐτὸν
1410 587 1516 624 δεδε-

189 649 322 700 μένον.
395 651 458 690 καὶ
486 650 636 690 τούτων
665 651 788 704 ὀλίγῳ
819 650 1012 701 πρότερον
1041 650 1238 700 ἠκούσατε
1267 654 1344 690 τῶν
1373 651 1515 702 νόμων.

189 716 289 771 ᾤετο
326 718 401 768 γὰρ
437 720 519 757 δεῖν
555 717 624 757 τόν
659 734 706 769 γε
741 719 790 757 τὰ
826 716 961 769 αἴσχρ’
995 716 1076 769 ἔργ’
1110 718 1373 769 ἐργαζόμενον
1408 718 1459 769 μὴ
1494 718 1518 758 ’ὰ

189 784 378 835 ὑφείλετο
402 785 525 834 μόνον
550 782 735 824 ἀποδόντ’
756 783 1017 836 ἀπηλλάχθαι
1034 783 1195 833 (πολλοὶ
1221 785 1297 836 γὰρ
1317 781 1395 837 [ἂν]
1415 784 1516 839 αὐτῷ

191 850 352 890 ἐδόκουν
375 852 476 890 οὕτω
507 850 543 902 γ’
571 853 607 891 οἱ
636 849 803 891 κλέπται
833 851 1012 895 ἔσεσθαι,
1042 851 1075 890 εἰ
1106 850 1297 901 μέλλοιεν
1325 852 1518 893 λαθόντες

188 918 261 967 μὲν
294 915 409 966 ἕξειν,
444 917 496 968 μὴ
534 918 726 958 λαθόντες
758 917 791 957 δ’
824 917 921 957 αὐτὰ
950 918 1075 968 μόνον
1109 916 1375 968 καταθήσειν),
1412 919 1518 958 ἀλλὰ

188 987 310 1024 ταῦτα
333 986 405 1034 μὲν
429 983 624 1024 διπλάσια
653 987 891 1030 καταθεῖναι,
919 983 1083 1024 δεθέντα
1113 987 1155 1025 δὲ
1185 985 1282 1036 πρὸς
1310 985 1433 1039 τούτῳ
1464 989 1517 1039 τῷ

189 1049 375 1101 τιμήματι
410 1052 452 1091 ἐν
489 1051 662 1106 αἰσχύνῃ
698 1051 768 1101 ζῆν
804 1050 877 1101 ἤδη
911 1051 979 1091 τὸν
1013 1051 1139 1091 ἄλλον
1175 1052 1280 1102 βίον.
1352 1051 1443 1092 ἀλλ’
1473 1052 1519 1092 οὐ

188 1117 450 1170 Τιμοκράτης,
478 1117 568 1157 ἀλλ’
595 1119 700 1159 ὅπως
724 1119 833 1157 ἁπλᾶ
861 1117 947 1168 μέν,
975 1119 1000 1158 ἃ
1022 1121 1085 1158 δεῖ
1111 1117 1317 1164 διπλάσια,
1345 1118 1513 1169 καταθή-

190 1200 333 1225 σουσιν
369 1185 657 1236 παρεσκεύασε,
696 1184 784 1235 μηδ’
815 1185 945 1225 ὁτιοῦν
978 1184 1011 1224 δ’
1044 1186 1241 1236 ἐπιτίμιον
1274 1185 1387 1225 ἔσται
1420 1185 1517 1237 πρὸς

188 1251 352 1292 τούτοις.
425 1252 487 1291 καὶ
524 1251 593 1291 οὐκ
629 1250 859 1304 ἀπέχρησεν
894 1252 992 1303 ὑπὲρ
1028 1255 1108 1292 τῶν
1142 1252 1375 1302 μελλόντων
1413 1253 1515 1306 αὐτῷ

855 1317 947 1332 1157

188 1317 296 1358 ταῦτ’
321 1318 481 1364 ἀδικεῖν,
504 1319 611 1358 ἀλλὰ
632 1318 694 1358 καὶ
720 1319 755 1358 εἴ
771 1334 830 1360 τις
848 1335 895 1370 ap
927 1319 1119 1368 ηδῑκηκὼς
1140 1319 1201 1358 Καὶ
1222 1319 1515 1370 Κεκολασμέως

1552 733 1614 769 115

1551 1258 1616 1292 116

189 1383 250 1434 ἦν,
279 1385 341 1424 καὶ
365 1388 504 1424 τοῦτον
531 1385 698 1437 ἀφῆκεν.
771 1386 896 1425 καίτοι
921 1385 1039 1438 ἔγωγ’
1065 1384 1170 1440 ᾤμην
1195 1389 1278 1426 δεῖν
1303 1385 1372 1426 τὸν
1396 1402 1511 1437 νομο-
1546 1387 1655 1440 [737]

188 1454 375 1492 θετοῦντα
408 1452 496 1503 περὶ
532 1455 610 1492 τῶν
643 1452 876 1502 μελλόντων
908 1451 1085 1498 ἔσεσθαι,
1121 1453 1183 1492 οἶα
1215 1455 1277 1492 δεῖ
1305 1454 1517 1505 γίγνεσθαι

189 1518 252 1558 καὶ
289 1518 340 1560 ὡς
377 1518 513 1559 ἕκαστ’
548 1519 671 1571 ἔχειν,
707 1519 769 1559 καὶ
804 1520 873 1560 τὰς
909 1520 1095 1571 τιμωρίας
1131 1519 1270 1561 ὁποίας
1304 1521 1413 1561 τινὰς
1449 1519 1516 1571 ἐφ’

188 1584 371 1627 ἑκάστοις
397 1588 458 1626 δεῖ
478 1588 559 1627 τοῖς
585 1584 821 1635 ἀδικήμασιν
848 1585 960 1631 εἶναι,
987 1586 1075 1638 περὶ
1099 1586 1248 1626 τούτων
1274 1589 1514 1637 νομοθετεῖν·

187 1655 303 1692 τοῦτο
340 1652 414 1705 γάρ
452 1654 540 1692 ἐστι
572 1652 617 1692 τὸ
654 1651 717 1703 ἐφ’
751 1652 876 1693 ἅπασι
909 1656 992 1695 τοῖς
1024 1653 1205 1695 πολίταις
1241 1654 1393 1695 κοινοὺς
1424 1653 1516 1695 τοὺς

188 1720 330 1770 νόμους
369 1719 531 1759 τιθέναι.
602 1718 647 1759 τὸ
685 1721 726 1758 δὲ
766 1720 855 1771 περὶ
893 1723 971 1760 τῶν
1009 1721 1235 1772 γεγονότων
1273 1719 1516 1772 πραγμάτων

188 1786 330 1836 νόμους
350 1786 532 1839 γράφειν,
560 1786 605 1826 οὐ
629 1788 856 1836 νομοθετεῖν
881 1787 1005 1833 ἐστιν,
1033 1787 1139 1826 ἀλλὰ
1169 1787 1259 1828 τοὺς
1289 1788 1516 1829 ἀδικοῦντας

131 1867 165 1888 -·
188 1851 338 1908 σῴζειν.
412 1856 597 1893 σκοπεῖτε
632 1853 664 1893 δ’
703 1853 753 1894 ὡς
790 1853 919 1904 ἀληθῆ
952 1852 1072 1905 λέγω,
1100 1854 1142 1893 ἐκ
1175 1854 1305 1894 τωνδί.
1377 1855 1410 1894 εἰ
1442 1856 1514 1904 μὲν

187 1920 262 1972 γὰρ
289 1919 506 1971 Εὐκτήμων
538 1919 643 1960 ἑάλω
676 1919 746 1969 τὴν
779 1923 856 1960 τῶν
888 1921 1128 1972 παρανόμων
1162 1919 1332 1972 γραφήν,
1364 1920 1432 1960 οὐκ
1465 1920 1515 1960 ἂν

187 1987 303 2036 ἔθηκε
338 1991 476 2026 τοῦτον
512 1986 581 2026 τὸν
617 1987 739 2037 νόμον
775 1983 824 2037 [ὁ]
855 1987 1116 2038 Τιμοκράτης,
1148 1986 1228 2026 οὐδ’
1261 1985 1309 2026 ἂν
1343 1986 1458 2027 ἐδεῖθ’
1490 1987 1513 2037 ἡ

186 2053 303 2095 πόλις
336 2054 474 2094 τούτου
508 2057 576 2093 τοῦ
609 2054 740 2103 νόμου,
777 2053 870 2093 ἀλλ’
903 2052 1058 2105 ἐξήρκει
1090 2053 1139 2093 ἂν
1175 2053 1306 2094 αὐτοῖς
1343 2054 1510 2094 ἀπεστε-

184 2121 324 2170 ρηκόσι
357 2120 428 2169 τὴν
462 2121 580 2160 πόλιν
613 2122 660 2160 τὰ
693 2118 876 2172 χρήματα
908 2124 986 2160 τῶν
1019 2120 1156 2160 ἄλλων
1186 2119 1239 2170 μὴ
1274 2120 1510 2172 φροντίζειν.

226 2231 248 2259 6
271 2233 343 2262 ἴσας
360 2240 425 2260 om.
443 2229 467 2261 S
485 2230 589 2268 solus,
610 2229 649 2260 cf.
672 2232 687 2266 ξ
710 2240 770 2268 105
904 2231 924 2260 8
947 2243 986 2270 γε
1004 2241 1068 2261 om.
1086 2229 1116 2259 A
1129 2230 1154 2259 F
1244 2230 1323 2270 ἔργα
1340 2239 1403 2260 orn.
1423 2229 1452 2259 A
1467 2229 1509 2261 F:

182 2275 258 2304 add.
280 2274 304 2303 S
317 2274 345 2303 Y
358 2273 389 2304 O
551 2284 572 2312 9
596 2275 634 2305 ἂν
651 2274 746 2303 codd.
767 2284 774 2303 z
798 2273 861 2304 del.
881 2274 990 2304 Cobet
1147 2283 1178 2302 11
1208 2272 1228 2304 ἃ
1244 2274 1417 2313 ὑφείλοντο
1434 2278 1511 2311 post

184 2317 378 2355 καταθήσειν
395 2317 472 2347 add.
490 2315 575 2347 AF:
600 2327 663 2347 om.
684 2317 707 2347 S
720 2316 793 2347 ΥΟ
811 2318 860 2356 (in
881 2328 985 2356 marg.
1006 2317 1101 2356 ponit
1120 2316 1165 2353 Y)
1294 2325 1330 2355 13
1355 2318 1416 2354 ἤδη
1433 2323 1510 2355 post

184 2360 240 2399 (ἣν
256 2361 285 2390 Α
302 2372 308 2390 :
332 2365 411 2390 ante
429 2360 485 2400 ζῆν
502 2360 526 2391 S
543 2360 634 2400 vulg.
796 2371 833 2399 14
858 2360 1030 2401 διπλάσια]
1049 2363 1147 2392 διπλᾶ
1165 2359 1236 2390 AY
1249 2359 1279 2390 Ο
1428 2370 1466 2398 27
1494 2362 1509 2391 ὁ

181 2404 261 2435 secl.
282 2403 380 2435 Blass

1549 1868 1612 1903 117
