1737 2734
107 142 222 199 [508]
357 147 846 186 ΔΗΜΟΣΘΕΝΟΎΣ
895 149 1055 187 ΠΡΟΣ
1102 149 1438 187 ΛΕΠΤΙΝΗΝ
1509 145 1577 197 [xx

253 249 479 301 ἐγνωκέναι,
512 250 573 290 καὶ
603 256 650 306 τῇ
682 251 798 290 πόλει
829 253 877 290 τὰ
911 250 1088 302 κράτιστ’
1119 251 1255 291 ἔσεσθ’
1288 251 1574 303 ἐψηφισμένοι,

253 315 324 355 κᾶν
347 332 406 357 τις
431 316 490 368 ἄρ’
516 317 613 372 ἔλθῃ
640 319 734 357 ποτὲ
761 318 906 368 καιρός,
929 317 998 356 οὐκ
1024 317 1245 369 ἀπορήσετε
1264 321 1341 358 τῶν
1362 319 1574 367 ἐθελησόν-

251 398 328 422 των
366 383 464 433 ὑπὲρ
499 383 604 432 ὑμῶν
646 384 893 424 κινδυνεύειν.
966 385 1062 434 ὑπὲρ
1105 384 1172 423 οὖν
1208 385 1355 424 τούτων
1393 384 1576 424 ἁπάντων

250 448 358 498 οἶμαι
384 451 465 488 δεῖν
484 449 582 499 ὑμᾶς
608 450 842 499 σπουδάζειν
861 451 922 489 καὶ
950 450 1163 503 προσέχειν
1183 450 1251 490 τὸν
1270 454 1371 495 νοῦν,
1394 452 1500 492 ὅπως
1524 451 1577 500 μὴ

249 514 440 564 βιασθῆθ’
461 515 710 566 ἁμαρτάνειν.
772 518 904 556 πολλὰ
925 518 1001 568 γὰρ
1016 517 1136 566 ὑμεῖς,
1158 514 1187 555 ὦ
1207 516 1343 567 ἄνδρες
1359 516 1575 565 Ἀθηναῖοι,
1597 531 1614 561 5

251 580 445 622 πολλάκις
482 582 549 622 οὐκ
583 582 809 636 ἐδιδάχθηθ’
848 583 898 624 ὡς
933 583 1022 623 ἔστι
1058 584 1199 629 δίκαια,
1235 583 1326 622 ἀλλ’
1358 583 1577 638 ἀφῃρέθηθ’

251 647 325 687 ὑπὸ
350 649 418 698 τῆς
442 651 519 688 τῶν
545 650 747 700 λεγόντων
777 651 945 701 κραυγῆς
973 650 1035 689 καὶ
1064 650 1157 699 βίας
1184 649 1246 688 καὶ
1279 650 1574 703 ἀναισχυντίας.

154 719 216 763 167
251 713 271 753 ὃ
289 713 341 763 μὴ
368 713 515 764 πάθητε
542 718 621 755 νῦν·
675 715 719 754 οὐ
745 717 820 767 γὰρ
849 716 973 766 ἄξιον.
1045 715 1136 755 ἀλλ’
1167 716 1190 755 ὰ
1220 715 1334 755 δίκαι’
1365 716 1574 767 ἐγνώκατε,

249 784 371 820 ταῦτα
406 781 611 832 φυλάξατε
644 783 706 821 καὶ
739 783 1015 832 μνημονεύετε,
1048 783 1120 823 ἕως
1156 782 1204 821 ἂν
1240 783 1494 833 ψηφίσησθε,
1525 783 1575 822 ἵν’

249 847 409 898 εὔορκον
429 850 552 898 θῆσθε
574 848 644 898 τὴν
666 851 808 901 ψῆφοι·
829 851 924 888 κατὰ
943 853 1020 888 τῶν
1040 851 1088 888 τὰ
1107 850 1259 900 πονηρὰ
1279 850 1573 898 συμβουλευόν-
1600 865 1637 886 10

248 930 339 954 των.
412 913 593 964 θαυμάζω
621 915 652 955 δ’
679 915 818 967 ἔγωγε,
849 917 881 955 εἰ
911 919 991 956 τοῖς
1016 917 1087 965 μὲν
1120 915 1164 955 τὸ
1194 916 1370 964 νόμισμα
1396 917 1573 966 διαφθεί-

246 997 387 1031 ρουσιν
421 980 587 1022 θάνατος
615 981 704 1033 παρ’
730 983 820 1032 ὑμῖν
850 983 962 1022 ἐστιν
991 982 1013 1031 ἡ
1050 982 1176 1032 ζημία,
1205 985 1287 1022 τοῖς
1319 980 1352 1020 δ’
1383 982 1481 1031 ὅλην
1505 982 1576 1031 τὴν

248 1048 366 1087 πόλιν
404 1048 597 1098 κίβδηλον
636 1049 698 1088 καὶ
735 1049 904 1089 ἄπιστον
942 1052 1102 1088 ποιοῦσι
1137 1049 1260 1100 λόγον
1297 1047 1458 1088 δώσετε.
1533 1048 1577 1088 οὐ

247 1112 293 1163 δή
319 1115 393 1154 πού
418 1114 467 1166 γ’,
495 1112 524 1154 ὦ
553 1118 630 1155 Ζεῦ
657 1116 718 1155 καὶ
746 1116 840 1155 θεοί.

314 1180 396 1220 Οὐκ
423 1180 495 1220 οἶδ’
520 1182 541 1220 ὅ
571 1198 607 1221 τι
638 1185 699 1221 δεῖ
725 1183 849 1222 πλείω
878 1181 1027 1233 λέγειν·
1087 1181 1194 1231 οἶμαι
1225 1183 1300 1233 γὰρ
1331 1182 1430 1232 ὑμᾶς
1463 1180 1576 1222 οὐδὲν
1599 1193 1638 1228 15

245 1247 403 1299 ἀγνοεῖν
429 1251 506 1288 τῶν
533 1248 758 1300 εἰρημένων.

293 1365 305 1385 1
333 1357 374 1387 τὰ
391 1356 557 1387 κάλλιστα
576 1356 610 1385 ΡῙ
625 1356 656 1386 X
827 1367 845 1395 5
871 1356 1063 1397 ἁμαρτάνειν
1080 1356 1104 1387 S
1118 1356 1143 1386 L
1156 1356 1184 1386 Y
1197 1356 1226 1386 O
1242 1356 1267 1386 Ρ
1284 1367 1289 1385 :
1319 1356 1471 1396 ἁμαρτεῖν
1487 1356 1574 1394 vulg.

248 1399 273 1430 S
290 1412 339 1440 γρ.
361 1400 482 1429 lemma
500 1400 619 1430 scholii
640 1410 670 1440 p.
690 1410 762 1439 529,
782 1411 822 1438 24
996 1401 1017 1429 6
1041 1401 1097 1431 οὐκ
1116 1406 1191 1439 post
1208 1402 1247 1432 ὡς
1265 1399 1339 1431 add.
1359 1399 1462 1437 Weil,
1483 1404 1574 1429 recte

245 1449 339 1481 puto,
361 1443 399 1474 cf.
421 1443 477 1472 xix
495 1453 555 1482 331
700 1445 719 1474 8
744 1444 873 1475 πάθοιτε
890 1443 988 1473 Vind.
1011 1453 1037 1481 17
1059 1444 1100 1473 cf.
1121 1448 1134 1479 ξ
1158 1445 1216 1482 164
1365 1453 1386 1481 9
1410 1443 1573 1482 φυλάξατε

247 1486 272 1517 S
285 1485 421 1561 ng⁷gz
446 1487 631 1527 φυλάττετε
649 1487 673 1517 L
687 1487 765 1526 ΡΧ,
783 1488 824 1519 cs.
843 1491 857 1525 ξ
875 1489 933 1526 163
1022 1487 1265 1526 μνημονεύσατε
1279 1485 1309 1516 Α
1403 1495 1438 1525 15
1465 1485 1572 1527 οὐδὲν]

246 1542 290 1569 μη
315 1543 348 1561 εν

289 1572 327 1604 ln
346 1572 370 1604 S
387 1573 613 1612 subscriptum

530 1623 621 1649 ΠΕΡῘ
639 1622 719 1650 ΤΗΣ
736 1622 934 1649 ΑΤΕΛΕῙΑΣ
954 1622 1058 1649 ΠΡΟΣ
1075 1621 1287 1649 ΛΕΠΤῙΝΗΝ

814 1666 997 1693 ΧΠΪΗΠΙΙΙ

822 1712 847 1753 4
864 1705 999 1745 μετρίως
