1737 2734
148 169 235 225 xxt]
568 175 727 212 ΚΑΤΑ
778 174 1052 212 ΜΕΙΔΙΟΎ

146 279 294 318 διδόναι
317 279 440 328 μόνον
461 280 586 318 αἴτιον
607 278 655 319 ἂν
674 279 910 331 γενόμενον,·
950 280 983 319 εἰ
1008 280 1080 329 μὲν
1100 279 1232 318 τοίνυν
1251 277 1478 329 ἀποτρέψαι

147 343 345 397 συμφέρει
367 344 457 386 τοὺς
482 345 642 391 ἄλλους,
669 349 808 386 τοῦτον
834 345 895 385 καὶ
921 345 969 385 δι’
995 347 1125 385 ἐκεῖνα
1151 344 1386 390 κολαστέον,
1416 347 1477 386 καὶ

143 412 300 462 μᾶλλόν
325 411 360 463 γ’
386 412 545 466 ὅσῳπερ
570 412 618 452 ἂν
642 411 666 468 ᾗ
694 414 820 453 πλείω
857 413 919 452 καὶ
951 413 1083 463 μείζω·
1123 413 1155 452 εἰ
1188 413 1230 452 δὲ
1262 409 1478 463 παροξῦναι

146 480 208 519 καὶ
247 481 386 518 τοῦτον
426 479 488 518 καὶ
526 479 688 524 πάντας,
730 479 880 520 ἐατέον.
953 479 1011 519 ἔτι
1051 480 1182 519 τοίνυν
1222 478 1301 517 οὐδ’
1339 479 1478 529 ὁμοίαν

106 563 124 594 5
145 545 269 585 οὖσαν
294 545 417 599 τούτῳ
446 546 640 588 κάκείνοις
665 546 906 598 συγγνώμην
934 544 1165 597 εὑρήσομεν.
1224 548 1380 596 πρῶτον
1404 547 1478 597 μὲν

144 615 220 664 γὰρ
261 612 282 651 ὁ
322 611 391 652 τὸν
433 612 679 662 θεσμοθέτην
721 612 899 663 πατάξας
941 616 1046 665 τρεῖς
1089 612 1197 665 εἶχεν
1239 611 1475 663 προφάσεις,

143 678 280 729 μέθην,
303 679 441 730 ἔρωτα,
464 678 628 730 ἄγνοιαν
653 681 716 718 διὰ
741 679 786 719 τὸ
811 680 980 721 σκότους
1006 680 1069 719 καὶ
1094 678 1231 720 νυκτὸς
1250 678 1295 718 τὸ
1314 682 1478 731 πρᾶγμα

144 745 344 797 γενέσθαι.
417 745 540 785 ἔπειθ’
567 746 587 785 ὁ
614 746 850 795 Πολύζηλος
877 747 976 802 ὀργῇ
1003 746 1065 786 καὶ
1090 746 1238 797 τρόπου
1263 747 1477 800 προπετείᾳ

144 811 306 863 φθάσας
333 810 403 851 τὸν
432 811 630 864 λογισμὸν
660 813 843 863 ἁμαρτὼν
873 813 1053 853 ἔπαισεν·
1092 812 1137 852 οὐ
1168 813 1243 864 γὰρ
1271 813 1413 864 ἐχθρός
1438 812 1476 864 γ’

86 897 124 919 10
142 879 321 932 ὑπῆρχεν
368 878 433 924 ὤν,
482 878 560 919 οὐδ’
602 878 668 930 ἐφ’
708 880 825 930 ὕβρει
871 878 976 919 τοῦτ’
1024 879 1226 928 ἐποίησεν.
1297 878 1390 919 ἀλλ’
1431 880 1477 920 οὐ

145 946 292 998 Μειδίᾳ
323 945 472 985 τούτων
505 945 619 986 οὐδὲν
652 945 737 986 ἔστ’
767 947 906 986 εἰπεῖν·
946 946 1009 987 καὶ
1038 947 1114 998 γὰρ
1144 945 1286 998 ἐχθρὸς
1320 944 1380 995 ἦν,
1413 946 1476 986 καὶ

142 1011 228 1062 μεθ’
252 1010 401 1063 ἡμέραν
427 1012 538 1053 εἰδὼς
570 1013 744 1064 ὕβριζεν,
773 1013 835 1052 καὶ
865 1012 934 1052 οὐκ
964 1012 1028 1053 ἐπὶ
1052 1012 1193 1052 τούτου
1217 1012 1353 1063 μόνον,
1380 1012 1474 1053 ἀλλ’

142 1078 207 1118 ἐπὶ
242 1078 402 1118 πάντων
439 1079 624 1130 φαίνεται
660 1078 932 1135 προῃρημένος
966 1079 1005 1130 μ’
1037 1079 1226 1130 ὑβρίζειν.
1299 1078 1361 1119 καὶ
1395 1079 1474 1131 μὴν

143 1144 231 1185 οὐδὲ
259 1148 338 1185 τῶν
367 1145 656 1198 πεπραγμένων
685 1147 771 1197 ἐμοὶ
803 1146 866 1186 καὶ
896 1146 1048 1188 τούτοις
1081 1145 1195 1186 οὐδὲν
1220 1147 1357 1196 ὅμοιον
1381 1146 1472 1198 ὁρῶ.

84 1228 121 1259 15
143 1215 299 1263 πρῶτον
332 1213 406 1263 μὲν
437 1213 514 1264 γὰρ
549 1213 570 1251 ὁ
607 1212 850 1263 θεσμοθέτης
886 1212 960 1266 οὐχ
996 1213 1094 1264 ὑπὲρ
1128 1213 1238 1263 ὑμῶν
1271 1212 1359 1253 οὐδὲ
1394 1217 1474 1253 τῶν

141 1278 274 1329 νόμων
310 1280 529 1331 φροντίσας
564 1278 644 1320 οὐδ’
678 1278 958 1331 ἀγανακτήσας
995 1278 1233 1332 φανήσεται,
1268 1278 1360 1319 ἀλλ’
1395 1281 1474 1334 ἰδίᾳ

142 1346 319 1387 πεισθεὶς
344 1345 480 1400 ὁπόσῳ
507 1344 642 1396 δήποτ’
660 1347 830 1400 ἀργυρίῳ
857 1347 1046 1398 καθυφεὶς
1068 1346 1138 1386 τὸν
1162 1346 1310 1398 ἀγῶνα·
1347 1346 1472 1387 ἔπειθ’

142 1412 162 1450 ὁ
196 1413 365 1464 πληγεὶς
401 1413 550 1454 ἐκεῖνος
581 1413 656 1453 ὑπὸ
689 1415 756 1452 τοῦ
796 1411 1044 1462 Πολυζήλου,
1077 1413 1195 1453 ταύτὸ
1231 1416 1357 1458 τοῦτο,
1394 1414 1472 1467 ἰδίᾳ

141 1478 445 1530 διαλυσάμενος,
474 1481 672 1531 ἐρρῶσθαι
696 1481 830 1520 πολλὰ
853 1483 935 1521 τοῖς
966 1480 1100 1530 νόμοις
1130 1480 1252 1519 εἰπὼν
1277 1480 1339 1519 καὶ
1363 1481 1467 1530 ὑμῖν,

83 1561 122 1581 20
142 1544 221 1584 οὐδ’
243 1544 433 1598 εἰσήγαγε
457 1549 525 1586 τὸν
546 1546 795 1596 Πολύζηλον.
853 1548 886 1586 εἷ
910 1548 983 1597 μὲν
1007 1547 1141 1586 τοίνυν
1166 1547 1325 1586 ἐκείνων
1352 1563 1467 1596 κατη-

141 1616 274 1663 γορεῖν
298 1613 496 1663 βούλεταί
516 1629 574 1654 τις
604 1614 646 1652 ἐν
671 1616 724 1667 τῷ
751 1613 928 1664 παρόντι,
955 1615 1016 1653 δεῖ
1044 1612 1180 1664 λέγειν
1204 1616 1339 1653 ταῦτα·
1377 1614 1410 1653 εἰ
1435 1613 1468 1652 δ’

140 1680 236 1731 ὑπὲρ
261 1680 316 1719 ὧν
340 1680 418 1731 ἐγὼ
442 1679 582 1719 τούτου
616 1679 847 1731 κατηγόρηκ’
873 1680 1179 1731 ἀπολογεῖσθαι,
1206 1678 1335 1719 πάντα
1365 1682 1466 1730 μᾶλ-

139 1750 214 1785 λον
246 1742 269 1795 ἢ
302 1749 423 1786 ταῦτα
453 1745 608 1786 λεκτέα.
679 1748 758 1786 πᾶν
789 1748 864 1798 γὰρ
892 1746 1122 1786 τούναντίον
1155 1746 1317 1788 ἐκείνοις
1352 1746 1469 1789 αὐτὸς

139 1814 212 1862 μὲν
236 1813 324 1853 οὔτε
353 1813 495 1863 λαβὼν
519 1812 632 1853 οὐδὲν
657 1812 736 1852 οὔτ’
761 1811 1021 1866 ἐπιχειρήσας
1049 1816 1194 1863 λαβεῖν
1220 1812 1465 1865 φανήσομαι,

81 1894 118 1925 25
140 1878 208 1928 τὴν
235 1878 267 1918 δ’
292 1880 388 1931 ὑπὲρ
413 1883 490 1919 τῶν
515 1880 646 1930 νόμων
672 1879 734 1919 καὶ
759 1878 830 1928 τὴν
853 1880 951 1931 ὑπὲρ
975 1882 1043 1919 τοῦ
1067 1882 1157 1919 θεοῦ
1187 1880 1250 1920 καὶ
1274 1879 1346 1929 τὴν
1369 1880 1466 1930 ὑπὲρ

139 1946 247 1996 ὑμῶν
271 1947 460 1998 τιμωρίαν
489 1948 645 1988 δικαίως
670 1945 853 1998 φυλάξας
886 1946 949 1986 καὶ
983 1950 1051 1986 νῦν
1075 1946 1333 1988 ἀποδεδωκὼς
1362 1947 1465 1997 ὑμῖν.

138 2012 191 2062 μὴ
216 2013 348 2053 τοίνυν
377 2015 467 2053 ἐᾶτε
495 2012 602 2053 ταῦτ’
628 2013 745 2053 αὐτὸν
773 2012 922 2065 λέγειν,
948 2012 1049 2063 μηδ’,
1076 2011 1124 2052 ἂν
1152 2012 1353 2064 βιάζηται,
1380 2013 1464 2053 πεί-

140 2079 249 2119 θεσθ’
271 2079 323 2121 ὡς
347 2081 498 2120 δίκαιόν
518 2097 554 2119 τι
578 2079 752 2131 λέγοντι.
806 2079 853 2120 ἂν
879 2081 954 2132 γὰρ
973 2079 1080 2120 ταῦθ’
1100 2081 1221 2120 οὕτως
1247 2078 1466 2131 ἐγνωσμέν’

138 2145 294 2202 ὑπάρχῃ
319 2146 409 2199 παρ’
435 2148 537 2197 ὑμῖν,
566 2146 633 2186 οὐκ
659 2146 821 2187 ἐνέσται
846 2147 948 2202 αὐτῷ
972 2147 1094 2199 λόγος
1119 2146 1207 2187 οὐδὲ
1235 2147 1302 2188 εἷς.
1373 2148 1467 2187 ποία

183 2259 219 2293 §5
239 2257 343 2295 38—41
371 2256 405 2286 in
429 2256 522 2287 libris
547 2256 570 2286 S
585 2256 610 2286 F
633 2255 732 2286 obelo
758 2261 893 2287 notatae
1027 2267 1048 2295 9
1078 2256 1202 2297 φθάσας
1224 2258 1283 2288 τὸν
1305 2259 1467 2298 λογισμὸν

137 2298 287 2340 ἁμαρτὼν
311 2300 445 2332 ἔπαισεν
468 2299 518 2331 A:
552 2299 676 2341 φθάσας
705 2301 762 2331 τὸν
791 2301 953 2341 λογισμὸν
980 2300 1113 2332 ἔπαισεν
1144 2300 1209 2331 Rh.
1238 2300 1295 2331 Gr.
1324 2301 1355 2330 iv
1379 2311 1465 2340 250:

137 2342 256 2382 φθάσαι
288 2342 429 2383 (φθάσας
462 2343 487 2373 F
520 2353 620 2382 corn,
656 2343 843 2384 προφθάσας
875 2343 898 2374 S
929 2345 997 2384 γρ.)
1030 2345 1087 2375 τὸν
1122 2345 1282 2384 λογισμὸν
1317 2344 1465 2386 ἇμαμτὼν

136 2385 260 2459 Ξῧηιῖςεν
283 2386 416 2427 (ἔπεσεν
432 2386 456 2417 S
472 2387 542 2429 γρ.)
563 2386 586 2418 S
603 2386 717 2426 vulg.:
751 2386 875 2428 φθάσας
898 2388 956 2419 τὸν
979 2388 1142 2428 λογισμὸν
1165 2387 1318 2430 ἁμαρτεῖν
1342 2388 1465 2430 ἔφησεν

185 2439 204 2459 o

182 2493 368 2524 DEMOSTH„
386 2494 463 2515 von.
482 2494 517 2515 11.
1314 2487 1334 2518 5

1507 1094 1549 1129 39

1502 1480 1608 1534 [⁵27]

1499 1563 1546 1595 40

1497 2093 1538 2127 41
