1737 2734
114 858 151 878 10

114 1192 149 1223 15

113 1524 152 1545 20

169 133 284 187 xxm]
424 135 554 176 KAT'
601 135 1155 174 ΑΡιΣτοΓΕιΤοΝΟΣ
1208 136 1236 172 Β
1530 133 1647 186 [803]

167 242 399 294 μολόγηται.
472 242 537 282 ὅτε
563 242 637 293 γὰρ
662 241 892 291 “’Υπερείδης
923 240 1089 292 ἔγραψε,
1117 242 1195 279 τῶν
1226 238 1314 290 περὶ
1340 238 1494 288 Χαιρώ-
1534 254 1570 279 11

168 325 277 348 νειαν
302 307 565 360 ἀτυχημάτων
590 311 672 349 τοῖς
690 306 873 357 ’Έλλησι
897 306 1135 359 γενομένων,
1164 306 1226 345 καὶ
1251 307 1319 355 τῆς
1345 305 1500 346 πόλεως

169 377 265 426 ὑπὲρ
290 375 415 414 αὐτῶν
440 379 518 414 τῶν
545 376 705 425 ἐδαφῶν
731 376 786 415 εἰς
813 375 992 414 κίνδυνον
1021 371 1214 424 μέγιστον
1246 376 1497 411 κατακεκλει-

167 442 299 492 μένης,
323 441 421 481 εἶναι
441 442 530 482 τοὺς
557 442 717 490 ἀτίμους
738 442 952 490 ἐπιτίμους,
975 439 1024 479 ἵν’
1046 440 1303 489 ὁμονοοῦντες
1329 437 1500 479 ἅπαντες
1531 439 1648 494 [804]

168 509 266 559 ὑπὲρ
284 509 353 557 τῆς
374 508 596 559 ἐλευθερίας
618 507 824 558 προθύμως
850 507 1130 558 ἀγωνίζωνται,
1153 505 1222 545 ἐάν
1241 522 1299 547 τις
1326 506 1501 545 κίνδυνος

168 578 396 624 τηλικοῦτος
418 573 707 628 καταλαμβάνῃ
732 573 803 622 τὴν
829 574 960 618 πόλιν,
983 573 1121 612 τούτου
1147 576 1216 611 τοῦ
1235 572 1501 624 ψηφίσματος

169 640 329 692 γραφὴν
354 641 592 691 παρανόμων
617 640 838 692 ἀπενέγκας
868 638 1070 691 ἠγωνίζετ’
1097 641 1140 679 ἐν
1169 643 1220 693 τῷ
1247 639 1498 692 δικαστηρίῳ.

170 709 294 747 καίτοι
314 711 396 747 πῶς
421 706 466 746 οὐ
491 706 617 747 δεινὸν
644 708 699 747 εἷς
723 709 796 756 μὲν
823 706 893 755 τὴν
914 703 1039 757 [ὑπὲρ]
1065 708 1133 755 τῆς
1159 707 1344 757 πατρίδος
1371 721 1498 755 σωτη-
1535 722 1575 748 12

168 775 257 824 ρίαν
275 773 412 824 μηδενὶ
432 776 510 813 τῶν
528 777 700 813 πολιτῶν
721 772 1047 824 Ἀριστογείτονα
1066 773 1219 812 τουτονὶ
1239 775 1501 824 συγχωρῆσαι

169 844 305 892 τυχεῖν
339 842 409 890 τῆς
446 841 654 889 ἐπιτιμίας,
690 841 745 881 εἷς
779 842 819 880 δὲ
852 840 923 889 τὴν
959 840 1078 879 αὑτοῦ
1114 840 1359 890 παρανομίαν
1396 840 1501 890 παρὰ

170 906 327 947 πάντων
352 908 460 957 ὑμῶν
485 906 618 957 ἀξιοῦν
643 905 869 956 λαμβάνειν
899 906 971 955 τὴν
1000 905 1122 955 αὐτὴν
1152 904 1336 957 δωρειάν,·
1377 906 1501 945 καίτοι

170 973 274 1014 πολύ
297 991 343 1025 γε
373 974 640 1025 νομιμώτερον
671 973 732 1012 καὶ
763 973 1004 1024 δικαιότερον
1037 972 1080 1012 τὸ
1105 971 1287 1024 ψήφισμ’
1313 971 1428 1012 ἐκεῖν’
1454 970 1501 1021 ἧν

171 1040 216 1079 οῧ
250 1040 301 1080 σὺ
333 1043 403 1080 νῦν
432 1039 555 1090 ἀξιοῖς
580 1041 850 1092 ψηφίσασθαί
880 1057 945 1079 σοι
974 1040 1174 1079 τουτουσί.
1245 1038 1289 1078 τὸ
1321 1041 1393 1089 μὲν
1425 1039 1500 1091 γὰρ
1535 1053 1576 1088 13

170 1108 261 1147 ἴσον
295 1107 358 1147 καὶ
390 1111 519 1147 κοινόν
552 1105 678 1147 ἅπασι
711 1110 792 1147 τοῖς
826 1107 1008 1147 πολίταις
1041 1105 1102 1155 ἦν,
1129 1105 1173 1145 τὸ
1205 1105 1238 1145 δ’
1264 1105 1404 1146 ἄνισον
1439 1106 1501 1145 καὶ

171 1175 237 1213 σοὶ
269 1174 375 1228 μόνῳ
408 1177 486 1213 τῶν
521 1174 563 1212 ἐν
595 1173 640 1228 τῇ
674 1173 789 1213 πόλει
821 1172 892 1221 τὴν
927 1171 1162 1222 πλεονεξίαν
1197 1171 1498 1222 κατασκευάζον

172 1241 234 1280 καὶ
258 1240 304 1280 τὸ
327 1242 398 1290 μὲν
422 1241 521 1290 ὑπὲρ
544 1243 613 1279 τοῦ
644 1239 696 1290 μὴ
722 1238 912 1291 γενέσθαι
936 1239 1008 1288 τὴν
1040 1237 1197 1290 εἰρήνην
1224 1238 1287 1290 ἐφ’
1313 1237 1342 1294 ᾧ
1371 1238 1405 1278 θ’
1431 1239 1500 1279 ἕνα

172 1307 303 1358 κύριον
335 1309 404 1357 τῆς
437 1307 533 1356 ὅλης
566 1306 768 1347 πολιτείας
802 1307 1058 1355 καταστῆναι,
1091 1305 1134 1345 τὸ
1168 1305 1200 1345 δ’
1225 1307 1323 1357 ὑπὲρ
1355 1309 1423 1345 τοῦ
1453 1307 1499 1345 τὰ

171 1373 336 1413 τουτωνὶ
368 1373 546 1425 δόγματα
580 1374 643 1412 καὶ
677 1373 823 1423 νόμιμα
854 1373 897 1412 ἐκ
931 1375 1102 1412 παλαιοῦ
1135 1371 1395 1424 παραδοθένθ’
1424 1372 1500 1412 ὑπὸ

171 1444 251 1480 τῶν
274 1441 481 1492 προγόνων
506 1440 572 1479 σοὶ
595 1440 702 1493 μόνῳ
728 1439 914 1479 δεδόσθαι
939 1438 1125 1489 ἐξουσίαν
1151 1439 1273 1481 ἀδεῶς
1299 1441 1496 1491 παραβαί-

171 1523 282 1547 νοντι
306 1507 369 1546 καὶ
393 1506 606 1557 πράττοντι
625 1507 646 1545 ὅ
672 1522 710 1546 τι
735 1504 782 1545 ἂν
814 1508 1031 1563 βουληθῇς.
1103 1505 1225 1555 ἡδέως
1250 1505 1283 1545 δ’
1309 1505 1358 1546 ἂν
1383 1505 1500 1558 ἔγωγ’
1535 1522 1576 1555 14

172 1573 292 1613 αὐτὸν
317 1572 561 1625 ἐρωτήσαιμι
579 1571 712 1624 πότερ’
732 1573 897 1623 ἔννομον
924 1572 986 1612 καὶ
1011 1573 1165 1612 δικαίαν
1192 1571 1409 1622 ἐποιήσατο
1433 1576 1502 1612 τοῦ

171 1640 436 1692 ψηφίσματος
473 1639 545 1689 τὴν
583 1639 743 1692 γραφὴν
777 1636 800 1689 ἢ
837 1639 1066 1680 τούναντίον
1102 1638 1239 1679 ἄδικον
1275 1640 1339 1679 καὶ
1377 1639 1498 1691 παρά-

172 1723 305 1757 νομον.
377 1708 410 1747 εἰ
448 1709 520 1757 μὲν
556 1708 632 1759 γὰρ
668 1706 902 1758 ἀσύμφερον
940 1706 1001 1745 καὶ
1036 1709 1089 1760 τῷ
1127 1705 1234 1760 δήμῳ
1274 1706 1499 1758 βλαβεράν,

173 1773 220 1813 δι’
253 1773 347 1813 αὐτὸ
383 1777 497 1813 τοῦτο
534 1774 690 1814 δικαίως
726 1773 774 1813 ἂν
811 1772 1016 1813 ἀποθάνοι·
1068 1774 1101 1813 εἰ
1138 1775 1178 1813 δὲ
1216 1772 1502 1824 συμφέρουσαν

175 1841 237 1880 καὶ
264 1844 345 1881 τοῖς
378 1844 547 1882 πολλοῖς
579 1840 799 1892 ὠφέλιμον,
827 1841 890 1880 διὰ
917 1841 958 1880 τί
988 1843 1058 1880 νῦν
1089 1839 1268 1879 τάναντί’
1296 1840 1353 1881 οἷς
1387 1839 1502 1881 αὐτὸς

175 1908 355 1958 ἔγραψας
378 1907 631 1958 ψηφίζεσθαι
654 1907 816 1948 τούτους
835 1906 981 1957 ἀξιοῖς;
1008 1906 1100 1946 ἀλλ’
1122 1905 1202 1945 οὔτ’
1222 1907 1353 1946 ἐκεῖνα
1372 1908 1502 1946 δίκαια

174 1973 261 2014 οὔτε
287 1973 391 2013 ταῦτ’
417 1972 546 2024 ἔννομ’
572 1974 660 2014 οὐδὲ
687 1973 930 2025 συμφέροντ’
950 1974 1061 2013 ἐστὶν
1085 1974 1187 2022 ὑμῖν.
1248 1974 1323 2024 ὁρῶ
1349 1972 1382 2012 δ’
1402 1974 1500 2024 ὑμᾶς
1534 1985 1573 2020 15

175 2039 305 2092 ἔγωγ’,
333 2038 362 2080 ὦ
387 2039 524 2092 ἄνδρες
549 2039 765 2090 Ἀθηναῖοι,
792 2040 937 2089 ταύτην
963 2040 1126 2092 ἔχοντας
1153 2039 1223 2088 τὴν
1251 2039 1411 2092 γνώμην
1439 2040 1499 2079 καὶ

174 2106 264 2158 περὶ
287 2108 396 2157 ὑμῶν
421 2106 559 2146 αὐτῶν·
599 2109 754 2148 πολλὰς
779 2107 855 2159 γὰρ
873 2106 1058 2156 ἐνδείξεις
1077 2106 1148 2156 ἤδη
1172 2106 1500 2157 κατεψηφίσασθ’
1531 2105 1645 2160 [805]

115 2190 129 2220 3
176 2174 339 2213 ἰδιωτῶν
375 2173 604 2224 ἀνθρώπων.
678 2173 803 2213 καίτοι
835 2176 917 2214 πῶς
951 2172 995 2212 οὗ
1028 2172 1155 2212 δεινὸν
1187 2171 1252 2224 ἐφ’
1285 2174 1392 2222 ὑμῶν
1427 2174 1500 2223 μὲν

175 2239 302 2279 αὐτῶν
334 2238 587 2290 ἐξετάζεσθαι
612 2240 786 2291 ἀκριβῶς
818 2239 908 2281 τοὺς
938 2240 1092 2289 νόμους,
1119 2239 1184 2279 ἐπὶ
1214 2241 1254 2278 δὲ
1284 2243 1362 2279 τῶν
1392 2256 1499 2291 περι-

218 2349 239 2379 8
263 2349 339 2386 ὑπὲρ
357 2349 435 2379 secl.
457 2349 583 2379 Reiske
753 2359 790 2378 12
815 2350 853 2381 τὸ
870 2350 1021 2390 ψήφισμα
1036 2348 1115 2379 secl.
1136 2348 1228 2379 Weil
1396 2358 1437 2387 24
1462 2348 1501 2380 δι’

175 2392 270 2433 αὐτὸ]
296 2394 346 2424 διὰ
372 2392 396 2422 F
515 2393 664 2424 ἀποθάνοι
691 2392 863 2423 SAYO:
897 2392 1064 2425 ἀποθάνοις
1091 2392 1115 2421 F
1271 2393 1313 2422 28
1344 2392 1366 2423 ὦ
1392 2393 1502 2434 ἄνδρες

175 2434 335 2473 Ἀθηναῖοι
354 2435 377 2465 S
391 2435 420 2465 Y
433 2435 483 2466 O:
509 2436 531 2466 ὦ
550 2438 697 2468 δικασταὶ
716 2436 764 2466 A:
792 2437 903 2477 ἄνδρες
919 2438 1067 2467 δικασταὶ
1087 2435 1112 2465 F
