1737 2734
150 130 272 185 xxm]
462 133 592 173 KAT’
635 136 1149 175 ΑΡΙΣΤΟΚΡΑΤΟὙΣ
1507 135 1620 190 [685]

148 240 342 292 ποιήσειν,
365 240 446 280 οὐδ’
466 240 515 281 ἂν
534 241 657 282 οὕτως
677 239 781 295 ᾤμην
801 242 883 280 δεῖν
902 243 1042 281 τοῦτον
1067 240 1224 280 ἀκούειν
1242 239 1311 280 τὸν
1335 241 1473 292 λόγον·

146 307 287 348 οὐδένα
318 308 394 359 γέιρ
425 307 473 348 ἂν
506 308 650 358 νομίζω
683 306 844 347 τοσαῦτ’
872 308 1000 360 ἀγαθὰ
1024 309 1202 357 ποιῆσαι,
1231 306 1280 347 δι’
1307 306 1353 348 ’ὸν
1385 308 1476 357 ὑμῖν

146 373 362 426 προσήκειν
412 375 646 425 ἐπιορκῆσαι
695 375 757 414 καὶ
805 373 896 426 παρ’
935 374 959 414 ἃ
1003 375 1188 426 φαίνεται
1235 375 1365 414 δίκαια
1405 373 1475 423 τὴν

145 444 289 494 ψῆφον
321 441 477 481 θέσθαι.
550 440 682 490 ἐπειδὴ
714 442 754 481 δὲ
789 441 851 481 καὶ
883 441 1105 492 φενακίζων
1140 441 1202 481 καὶ
1231 440 1311 481 οὐδ’
1345 441 1475 481 ὁτιοῦν
1509 455 1571 490 195

108 526 125 556 5
145 507 252 560 ὑγιὲς
276 507 458 559 πράττων
483 506 751 560 ἐξελέγχεται,
780 510 887 547 δυοῖν
912 507 1076 559 ἀγαθοῖν
1108 506 1272 559 θάτερον
1297 507 1398 559 ὑμῖν,
1425 507 1474 548 ἂν

147 576 503 626 καταψηφίσησθε,
545 572 811 624 συμβήσεται·
860 570 883 623 ἢ
922 575 998 625 γὰρ
1036 573 1241 624 ἐξαπατῶν
1279 574 1475 615 παύσεται

144 642 312 691 νομίσας
346 640 474 680 οὐκέτι
506 639 731 685 λανθάνειν,
765 637 788 690 ἢ
825 642 932 692 ε’ίπερ
969 641 1072 694 αὐτῷ
1108 640 1342 695 βουλομένῳ
1378 641 1474 693 πρὸς

144 707 241 758 ὑμᾶς
261 707 373 747 ἔστιν
398 708 549 749 οἰκείως
574 707 681 760 ἔχειν
700 707 752 748 ὡς
776 707 944 756 ἀληθῶς,
968 708 1116 758 ἀγαθόν
1135 724 1172 747 τι
1191 712 1318 748 ποιεῖν
1336 707 1470 759 πειρά-

146 791 272 819 σεται,
305 774 422 826 γνοὺς
451 775 511 814 ὅτι
541 777 592 827 τῷ
624 774 849 826 φενακίζειν
883 773 1010 813 οὐκέθ’
1039 774 1063 813 ἃ
1095 774 1290 824 βούλεται
1318 773 1471 826 πράξει.

89 857 126 878 ιο
145 841 247 881 ὥστε
285 842 347 881 καὶ
377 842 411 880 εἰ
442 843 537 891 μηδὲ
568 839 617 880 δι’
643 840 686 880 ἓν
715 843 792 880 τῶν
822 839 971 885 ἄλλων,
1000 841 1063 880 διὰ
1095 844 1209 879 τοῦτο
1241 842 1470 893 καταψηφί-

146 911 295 947 σασθαι
322 907 530 958 συμφέρει.

205 973 344 1024 ’Ἄξιον
368 975 511 1020 τοίνυν,
540 971 569 1013 ὦ
594 973 731 1025 ἄνδρες
756 974 973 1024 Ἀθηναῖοι,
1003 974 1148 1014 κάκεῖν’
1168 973 1367 1024 ἐξετάσαι,
1390 979 1472 1016 πῶς
1506 979 1571 1022 196

144 1040 232 1081 ποθ’
264 1043 301 1081 οἱ
335 1040 459 1081 πάλαι
491 1043 560 1082 τὰς
592 1042 707 1091 τιμὰς
738 1040 879 1091 ἔνεμον
914 1042 975 1082 καὶ
1008 1043 1078 1082 τὰς
1110 1043 1272 1092 δωρειὰς
1305 1045 1387 1083 τοῖς
1421 1041 1470 1083 ὡς
1503 1039 1623 1093 [686]

145 1108 302 1157 ἀληθῶς
327 1107 563 1159 εὐεργέταις,
587 1108 649 1148 καὶ
675 1109 765 1148 ὅσοι
789 1112 950 1148 πολῖται
973 1109 1134 1160 τύχοιεν
1157 1110 1269 1149 ὄντες
1293 1109 1357 1148 καὶ
1381 1109 1472 1148 ὅσοι

88 1195 123 1225 ¹5
143 1173 262 1224 ξένοι.
335 1174 405 1214 κᾶν
447 1177 520 1225 μὲν
558 1173 656 1224 ἴδητ’
694 1175 866 1216 ἐκείνους
905 1174 1067 1224 ἄμεινον
1104 1173 1224 1225 ὑμῶν,
1267 1174 1389 1214 καλὸν
1426 1174 1471 1214 τὸ

142 1240 405 1291 μιμήσασθαι,
433 1241 482 1281 ἂν
507 1241 539 1281 δ’
566 1240 663 1292 ὑμᾶς
687 1241 840 1287 αὐτούς,
864 1240 927 1293 ἐφ’
946 1240 1036 1292 ὑμῖν
1060 1241 1175 1281 ἔσται
1200 1241 1245 1281 τὸ
1269 1240 1469 1292 πράττειν.

143 1311 298 1359 πρῶτον
321 1310 395 1359 μὲν
413 1308 545 1348 τοίνυν
565 1309 708 1348 ἐκεῖνοι
728 1307 1010 1358 Θεμιστοκλέα
1028 1307 1097 1348 τὸν
1116 1307 1187 1358 τὴν
1213 1309 1255 1348 ἐν
1276 1311 1472 1359 Σαλαμῖνι

142 1376 365 1429 ναυμαχίαν
396 1374 614 1425 νικήσαντα
643 1374 704 1414 καὶ
731 1375 956 1425 Μιλτιάδην
985 1374 1054 1415 τὸν
1083 1375 1303 1427 ἡγούμενον
1329 1378 1469 1427 Μαρα-

143 1445 238 1482 θῶνι
277 1443 340 1483 καὶ
377 1442 554 1484 πολλοὺς
593 1441 753 1488 ἄλλους,
794 1441 862 1481 οὐκ
900 1443 970 1482 ’ίσα
1005 1445 1087 1483 τοῖς
1126 1445 1192 1482 νῦν
1233 1446 1471 1494 στρατηγοῖς

86 1529 124 1551 20
143 1508 258 1561 ἀγάθ’
282 1508 578 1561 εἰργασμένους,
606 1509 650 1548 οὐ
682 1512 855 1562 χαλκοῦς
885 1509 1058 1549 ἵστασαν
1088 1508 1167 1549 οὐδ’
1191 1507 1469 1561 ὑπερηγάπων.

143 1575 211 1615 οὐκ
253 1576 328 1627 ἄρα
366 1580 448 1617 τοῖς
490 1575 649 1618 ἑαυτοὺς
691 1576 842 1628 ἀγαθόν
880 1592 918 1615 τι
955 1579 1138 1616 ποιοῦσιν
1178 1575 1296 1629 χάριν
1337 1575 1467 1629 εἶχον,·
1506 1587 1568 1623 197

144 1643 304 1694 σφόδρα
329 1643 379 1695 γ’,
401 1641 431 1683 ὦ
449 1642 588 1694 ἄνδρες
608 1642 821 1692 Ἀθηναῖοι,
845 1643 907 1682 καὶ
928 1642 1168 1683 ἀπεδίδοσάν
1193 1659 1239 1695 γε
1260 1643 1322 1683 καὶ
1343 1641 1470 1683 αὑτῶν

144 1709 334 1749 κάκείνων
357 1708 485 1759 ἀξίαν·
523 1711 633 1751 ὄντες
658 1710 734 1761 γὰρ
759 1713 913 1749 πολλοῦ
937 1709 1081 1751 πάντες
1107 1709 1209 1760 ἄξιοι
1234 1709 1469 1762 προῦκρινον

143 1775 314 1817 ἐκείνους
338 1774 465 1816 αὐτῶν
490 1776 688 1828 ἡγεῖσθαι.
749 1775 836 1816 ἔστι
861 1778 903 1816 δὲ
928 1777 1138 1827 σώφροσιν
1164 1776 1386 1828 ἀνθρώποις
1407 1777 1470 1816 καὶ

86 1860 122 1891 ²5
142 1841 238 1893 πρὸς
263 1841 454 1892 ἀλήθειαν
485 1841 749 1893 βουλομένοις
775 1846 941 1882 σκοπεῖν
965 1842 1070 1883 πολὺ
1103 1843 1244 1893 μείζων
1277 1841 1367 1893 τιμὴ
1401 1845 1470 1892 τῆς

142 1910 295 1961 χαλκῆς
319 1909 468 1950 εἰκόνος
498 1908 542 1948 τὸ
570 1912 701 1948 καλῶν
733 1909 916 1960 κάγαθῶν
946 1910 1098 1960 ἀνδρῶν
1129 1910 1334 1960 κεκρίσθαι
1364 1909 1469 1960 πρώ-

142 1991 242 2017 τους.
315 1975 378 2015 καὶ
403 1974 477 2027 γάρ
501 1992 561 2015 τοι
592 1978 670 2015 τῶν
697 1974 822 2027 ἔργων
855 1979 933 2015 τῶν
961 1975 1054 2021 τότ’,
1090 1975 1228 2026 ἄνδρες
1252 1975 1467 2024 Ἀθηναῖοι,
1503 1978 1569 2020 198

184 2096 205 2115 2
236 2087 274 2117 ἂν
290 2092 368 2115 ante
392 2084 505 2125 νομίζω
530 2084 595 2115 SA
610 2084 702 2115 YO:
735 2090 814 2115 ante
839 2088 969 2122 ποιῆσαι
997 2086 1101 2117 Paris.
1123 2085 1225 2116 Coisl.
1246 2095 1332 2124 339:
1360 2095 1426 2116 om.
1445 2084 1470 2114 F

146 2140 185 2160 10
207 2142 245 2169 ’γε
263 2134 343 2158 ante
360 2131 458 2160 τοῦτο
474 2128 546 2159 add.
568 2128 598 2158 A
690 2130 727 2165 ἐξ
751 2128 916 2168 196201]
936 2130 975 2159 cs.
993 2130 1050 2159 xiii
1071 2139 1174 2167 21—24
1308 2138 1345 2167 15
1371 2127 1469 2165 εἰδῆτ’

141 2173 172 2202 Α
301 2174 386 2211 ὑμῶν
402 2172 582 2212 χρωμένους
600 2171 631 2201 Α
809 2173 846 2202 18
871 2173 1065 2213 νικήσαντα]
1088 2175 1337 2214 στρατηγοῦντα
1354 2171 1411 2201 xiii
1429 2182 1464 2201 21

143 2216 234 2247 SA:
266 2215 544 2255 στρατηγήσαντα
567 2216 656 2254 vulg.
683 2216 760 2246 ibid.
993 2227 1034 2247 20
1067 2217 1118 2257 οὐ]
1145 2217 1188 2255 μὰ
1213 2217 1262 2247 Δι’
1287 2218 1322 2247 οὐ
1347 2215 1403 2244 xiii
1428 2225 1465 2244 21

141 2269 179 2289 21
208 2260 337 2291 ἑαυτοὺς
356 2264 431 2297 post
449 2261 594 2290 ποιοῦσιν
610 2258 639 2288 Α
653 2258 678 2288 F
690 2259 719 2288 O
737 2271 743 2289 ε
770 2264 941 2299 suspectat
958 2259 1051 2290 Weil
1158 2261 1199 2289 26
1223 2261 1343 2300 ἀνδρῶν
1359 2268 1422 2288 om.
1437 2258 1466 2287 Y

141 2306 266 2344 πρῶτον
282 2302 313 2332 Α
326 2302 351 2332 F
533 2312 571 2340 27
590 2312 681 2342 seqq.
702 2305 768 2334 τῶν
784 2303 859 2334 τότε
878 2325 885 2332 .
908 2328 914 2334 .
933 2327 940 2334 .
962 2304 1084 2335 οὐδενὸς
1106 2302 1149 2334 S:
1177 2304 1302 2334 οὐδενὸς
1322 2326 1327 2331 .
1349 2327 1355 2333 .
1375 2325 1382 2333 .
1403 2304 1468 2332 τῶν

141 2345 217 2377 τότε
238 2345 262 2375 F
279 2352 312 2376 et
331 2346 387 2376 xiii
406 2356 446 2375 22
462 2356 469 2375 Ζ
493 2349 558 2377 τῶν
574 2345 644 2376 τότ’
663 2347 789 2378 οὐδενὸς
806 2371 812 2377 .
833 2371 839 2377 .
859 2370 865 2375 .
885 2344 1043 2384 Ἀθηναῖοι
1061 2346 1103 2377 al.
1285 2355 1322 2382 27
1349 2344 1371 2375 ὦ
1389 2349 1467 2375 ante

141 2390 249 2429 ἄνδρες
266 2389 338 2420 add.
359 2389 447 2428 vulg.
467 2401 473 2419 :
497 2398 561 2419 om.
583 2388 607 2418 S
