1737 2734
115 551 132 581 ‘J'

98 882 133 904 10

94 1603 133 1623 20

95 1903 132 1933 25

94 2289 134 2318 30

155 163 242 215 xx1]
575 165 735 203 ΚΑΤΑ
787 163 1060 201 ΜΕΙΔΙΟὙ

153 271 292 311 τούτου
321 271 429 320 δίκης
460 268 566 319 ἀξιοῖ
593 272 728 322 τυχεῖν
758 268 821 308 καὶ
849 268 900 319 μὴ
933 273 1077 322 σιωπᾷ,
1109 269 1248 306 τοῦτον
1278 264 1484 317 ἐξόριστον

152 339 375 393 ἀνῃρῆσθαι
394 337 458 376 καὶ
481 339 640 392 μηδαμῇ
665 338 894 387 παρεθῆναι,
916 336 1024 374 ἀλλὰ
1043 335 1105 374 καὶ
1129 331 1362 382 λιποταξίου
1387 348 1481 383 γρα-

154 404 235 456 φὴν
261 402 479 444 ἑαλωκέναι
509 404 571 443 καὶ
597 403 661 455 ἐφ’
687 404 822 453 αἵματι
852 402 1017 453 φεύγειν
1044 401 1106 440 καὶ
1134 401 1256 451 μόνον
1283 399 1327 439 οὐ
1356 415 1480 450 προσ-

1518 158 1629 211 [548]

152 473 346 520 ηλῶσθαι.
433 471 556 509 καίτοι
591 469 700 509 ταῦθ’
736 471 832 509 ὅταν
869 467 1089 524 ἐξελεγχθῇ
1131 471 1254 507 ποιῶν
1295 465 1392 518 πρὸς
1427 466 1484 506 οἶς
1517 466 1632 519 [549]

151 536 312 589 ὕβριζέν
353 553 401 587 με
443 540 702 589 χορηγοῦντα,
741 536 847 576 τίνος
884 535 1121 587 συγγνώμης
1162 531 1186 583 ἢ
1228 533 1334 574 τίνος
1371 531 1485 572 ἐλέου

153 604 310 645 δικαίως
333 602 510 653 τεύξεται
539 602 628 654 παρ’
654 604 780 653 ὑμῶν,·
819 602 896 654 ἐγὼ
926 603 999 652 μὲν
1027 603 1105 654 γὰρ
1134 600 1264 647 αὐτόν,
1292 597 1321 639 ὦ
1346 599 1485 650 ἄνδρες

152 670 368 720 Ἀθηναῖοι,
404 670 546 720 νομίζω
581 668 792 722 αὐτόχειρά
827 685 901 719 μου
936 670 1179 720 γεγενῆσθαι
1215 667 1367 708 τούτοις
1402 669 1484 707 τοῖς

152 737 295 789 ἔργοις,
329 738 392 777 καὶ
424 738 513 776 τότε
544 739 616 786 μὲν
650 740 731 777 τοῖς
767 736 996 776 Διονυσίοις
1029 734 1100 784 τὴν
1133 733 1387 786 παρασκευὴν
1424 733 1485 772 καὶ

152 804 196 843 τὸ
221 807 336 854 σῶμα
362 804 424 843 καὶ
449 802 701 853 τάναλώμαθ’
721 803 911 854 ὑβρίζειν,
939 805 1008 842 νῦν
1032 803 1073 841 δὲ
1099 802 1252 842 τούτοις
1277 802 1335 842 οἶς
1360 801 1484 840 ἐποίει

154 871 216 910 καὶ
245 870 488 921 διεπράττετ’
520 869 651 910 ἐκεῖνά
678 887 720 909 τε
753 869 815 908 καὶ
845 870 893 908 τὰ
925 870 1049 908 λοιπὰ
1078 867 1220 913 πάντα,
1249 867 1320 917 τὴν
1349 867 1482 912 πόλιν,

151 937 196 976 τὸ
221 937 348 989 γένος,
370 937 442 986 τὴν
468 937 677 986 ἐπιτιμίαν,
699 937 768 978 τὰς
794 937 970 976 ἐλπίδας·
1008 936 1042 974 εἰ
1067 936 1141 986 γὰρ
1167 934 1210 974 ἓν
1233 935 1288 974 ὧν
1312 934 1481 984 ἐπεβού·

152 1009 275 1043 λευσε
305 1004 576 1054 κατώρθωσεν,
603 1002 788 1043 ἁπάντων
813 1002 862 1042 ἂν
887 1001 1168 1053 ἀπεστερήμην
1194 1001 1272 1053 ἐγὼ
1298 1001 1361 1040 καὶ
1385 1002 1480 1050 μηδὲ

151 1072 327 1122 ταφῆναι
357 1072 640 1122 προσυπῆρχεν
665 1071 766 1109 οἴκοι
789 1086 868 1119 μοι.
941 1071 1004 1108 διὰ
1033 1070 1083 1114 τί,
1112 1068 1249 1119 ἄνδρες
1278 1069 1481 1111 δικασταί;

153 1138 187 1176 εἰ
224 1136 313 1189 γάρ,
346 1137 414 1176 ἐάν
450 1154 508 1178 τις
545 1138 650 1187 παρὰ
689 1135 836 1177 πάντας
872 1135 960 1176 τοὺς
997 1136 1140 1186 νόμους
1168 1135 1376 1185 ὑβρισθεὶς
1408 1134 1483 1174 ὑπὸ

155 1205 321 1243 Μειδίου
358 1205 523 1254 βοηθεῖν
563 1204 665 1257 αὐτῷ
703 1206 896 1254 πειρᾶται,
936 1205 1056 1241 ταῦτα
1096 1202 1159 1241 καὶ
1197 1201 1345 1241 τοιαῦθ’
1384 1200 1484 1252 ἕτερ’

153 1270 256 1324 αὐτῷ
295 1273 436 1310 παθεῖν
474 1268 650 1321 ὑπάρξει,
684 1273 921 1322 προσκυνεῖν
954 1269 1044 1310 τοὺς
1083 1269 1318 1320 ὑβρίζοντας
1349 1269 1486 1318 ὥσπερ

154 1338 196 1377 ἐν
222 1341 306 1379 τοῖς
334 1335 571 1389 βαρβάροις,
599 1336 668 1376 οὐκ
694 1337 914 1387 ἀμύνεσθαι
943 1335 1155 1387 κράτιστον
1180 1335 1307 1375 ἔσται.
1380 1335 1486 1374 ἀλλὰ

152 1403 230 1454 μὴν
250 1403 301 1445 ὡς
326 1404 455 1454 ἀληθῆ
482 1402 587 1455 λέγω
615 1404 677 1443 καὶ
702 1402 1062 1455 προσεξείργασται
1086 1405 1207 1442 ταῦτα
1226 1405 1279 1454 τῷ
1304 1404 1485 1456 βδελυρῷ

152 1471 276 1526 τούτῳ
302 1471 365 1511 καὶ
391 1471 556 1516 ἀναιδεῖ,
586 1469 697 1510 κάλει
720 1487 786 1521 μοι
811 1471 875 1510 καὶ
899 1470 1047 1509 τούτων
1071 1468 1161 1510 τοὺς
1185 1467 1394 1521 μάρτυρας.

707 1600 926 1629 ΜΑΡΤὙΡΕΣ.

205 1666 418 1721 [Διονύσιος
458 1668 682 1718 Ἀφιδναῖος,
725 1667 938 1716 Ἀντίφιλος
981 1668 1175 1707 Παιανιεὺς
1219 1667 1485 1717 διαφθαρέντος

154 1724 368 1773 Νικοδήμου
388 1727 454 1762 τοῦ
475 1725 608 1761 οἰκείου
628 1724 730 1772 ἡμῶν
753 1724 865 1773 βιαίῳ
887 1723 1030 1774 θανάτῳ
1053 1723 1126 1760 ὑπὸ
1150 1721 1400 1772 Ἀριστάρχου
1420 1724 1485 1759 τοῦ

154 1779 318 1829 Μόσχου
345 1779 524 1829 ἐπεξῇμεν
548 1780 613 1816 τοῦ
640 1778 758 1826 φόνου
787 1778 850 1815 τὸν
879 1776 1139 1827 Ἀρίσταρχον.
1198 1776 1419 1826 αἰσθόμενος
1448 1776 1485 1813 δὲ

151 1835 266 1871 ταῦτα
283 1833 436 1872 Μειδίας
453 1834 472 1870 ὁ
489 1835 551 1870 νῦν
568 1832 776 1881 κρινόμενος
791 1832 861 1868 ὑπὸ
877 1831 1152 1880 Δημοσθένους,
1173 1830 1200 1882 ᾧ
1218 1833 1484 1880 μαρτυροῦμεν,

153 1887 295 1925 ἔπειθεν
315 1889 411 1936 ἡμᾶς
432 1886 549 1926 διδοὺς
566 1887 727 1935 κέρματα
746 1886 810 1923 τὸν
829 1888 897 1935 μὲν
917 1885 1167 1935 Ἀρίσταρχον
1183 1885 1303 1936 ἀθῷον
1324 1887 1485 1933 ἀφεῖναι,

153 1942 391 1991 Δημοσθένει
411 1941 447 1979 δὲ
468 1941 535 1989 τὴν
554 1940 705 1992 γραφὴν
724 1942 789 1978 τοῦ
809 1940 927 1988 φόνου
946 1938 1294 1991 παραγράψασθαι.]

222 2071 337 2121 Λαβὲ
363 2068 408 2119 δή
435 2086 502 2120 μοι
526 2068 596 2109 τὸν
619 2069 707 2119 περὶ
732 2072 810 2108 τῶν
835 2068 971 2119 δώρων
996 2069 1129 2118 νόμον.

1520 606 1584 639 106

1521 1349 1582 1381 107

1517 2070 1628 2124 [550]

222 2137 295 2178 Ἐν
327 2138 412 2191 ὅσῳ
449 2138 491 2176 δὲ
524 2135 593 2176 τὸν
622 2137 756 2185 νόμον,
788 2133 817 2174 ὦ
852 2134 988 2186 ἄνδρες
1018 2134 1237 2184 Ἀθηναῖοι,
1267 2132 1482 2184 λαμβάνει,
1520 2144 1582 2177 108

153 2204 354 2255 βούλομαι
385 2205 504 2255 μικρὰ
537 2206 634 2254 πρὸς
668 2203 767 2252 ὑμᾶς
801 2203 938 2247 εἰπεῖν,
975 2201 1126 2251 δεηθεὶς
1157 2201 1265 2251 ὑμῶν
1299 2200 1486 2240 ἁπάντων

153 2270 250 2323 πρὸς
278 2271 373 2312 Διὸς
400 2271 461 2310 καὶ
486 2273 599 2316 θεῶν,
622 2267 650 2308 ὦ
677 2268 814 2320 ἄνδρες
839 2269 1034 2308 δικασταί·
1071 2268 1161 2320 περὶ
1186 2267 1345 2308 πάντων
1364 2268 1419 2307 ὧν
1437 2266 1485 2307 ἂν

196 2390 216 2420 5
240 2378 335 2411 ἐλέου
351 2379 446 2409 codd.
464 2389 472 2410 t
496 2378 599 2419 λόγου
617 2378 715 2408 Blass
733 2377 811 2408 coll.
833 2380 868 2414 ἐξ
887 2388 942 2416 90,
963 2387 1026 2416 209
1188 2387 1224 2406 12
1249 2375 1344 2416 μηδὲἿ
1366 2375 1438 2408 οὐδὲ
1456 2375 1486 2405 Α

158 2435 194 2463 17
222 2423 396 2462 ἀμύνεσθαι
415 2423 461 2453 S:
488 2423 664 2460 ἀμύνασθαι
682 2421 771 2460 vulg.
921 2431 963 2459 25
989 2420 1147 2461 κέρματα]
1167 2420 1320 2462 χρήματα
1337 2419 1482 2454 Iurinus,

155 2468 196 2496 cs.
220 2470 235 2500 8
258 2477 315 2502 ¹04
