1737 2734
140 478 157 510 5

119 749 157 770 10

117 1150 154 1182 ¹5

110 2150 151 2181 30

181 147 289 202 xxu]
528 149 660 190 KAT’
702 152 1165 190 ΑΝΔΡΟΤΙΩΝΟΣ

177 249 325 299 βουλὴν
343 249 411 298 τὴν
430 251 482 300 μὴ
502 251 719 299 ποιήσασαν
738 252 802 290 τὰς
821 250 978 300 τριήρεις
997 251 1050 300 μὴ
1070 252 1183 288 αἰτεῖν
1204 249 1351 298 δωρεάν.
1403 251 1512 286 τοῦτο

178 304 215 342 δὲ
245 306 309 341 οὐκ
338 304 429 342 ἴδιον
457 306 714 356 πραγματικῆς
747 305 864 353 <τῆς>
896 305 987 354 πρὸς
1015 305 1239 354 ἀντινομίαν,
1270 304 1369 340 ἀλλὰ
1396 304 1512 352 μόνης

179 359 398 407 ἀντινομίας.

232 411 374 450 Ἰστέον
390 412 426 449 δὲ
443 413 510 456 ὅτι,
527 413 633 461 ἡνίκα
650 413 714 450 δύο
729 413 799 450 ὦσι
817 414 1028 464 κατήγοροι,
1046 413 1094 451 ὧν
1110 414 1129 450 ὁ
1145 415 1213 462 μὲν
1233 411 1282 452 εἷς
1301 411 1510 461 (νεώτερος,

178 468 198 504 ὁ
230 466 268 504 δὲ
303 467 448 515 ἕτερος)
482 468 750 516 πρεσβύτερος,
786 467 891 507 οὗτος
930 468 1119 516 λαμβάνει
1154 467 1221 515 τὴν
1254 466 1512 516 πρωτολογιάν

179 522 270 558 κατὰ
296 537 417 570 τιμην,
438 522 563 569 ὥσπερ
591 538 650 558 και
678 522 874 559 ἐνταῖθα“
861 540 880 559 0
908 522 1112 570 Εὐκτημων
1141 521 1258 570 ἔλαβε
1277 521 1344 569 τὴν
1370 537 1511 569 πρωτο-

177 576 309 626 λογίαν
329 577 375 614 ὡς
393 576 660 624 πρεσβύτερος,
679 576 737 613 καὶ
759 575 836 613 εἶπε
857 577 902 613 τὰ
918 593 1092 624 προοιμια
1115 592 1175 612 και
1193 576 1261 624 τὴν
1282 576 1513 612 κατάστασιι

178 647 236 667 και
262 630 371 678 μέρος
397 647 432 667 τι
458 633 530 667 τῶν
556 630 716 681 ἀγώνων.
776 631 795 667 ὁ
822 629 860 667 δὲ
888 629 1084 678 Διόδωρος,
1115 629 1257 679 ἰδιώτης
1287 630 1347 673 ὧν,
1374 629 1513 677 ἔλαβεν

177 684 251 721 ἀπὸ
272 686 337 721 τοῦ
353 683 619 733 Δημοσθένους
633 684 698 721 τὸν
712 684 878 732 παρόντα
897 684 1026 735 λόγον.
1068 684 1127 721 καὶ
1144 684 1223 722 ἔστι
1240 683 1510 734 δευτερολογιά,

177 738 251 788 ἔχει
272 738 310 776 δὲ
331 738 354 775 ἃ
374 739 578 786 παρέλιπεν
599 739 618 775 ὁ
638 739 853 787 Εὐκτήμων.

237 864 368 917 ”Οπερ
397 864 624 916 Εὐκτήμων,
651 863 681 905 ὦ
706 865 844 917 ἄνδρες
870 866 1067 911 δικασταί,
1095 866 1231 906 παθὼν
1255 864 1320 906 ὑπ’
1347 864 1507 916 Ἀνδρο-

175 933 313 974 τίωνος
339 936 476 978 κακῶς,
499 932 578 983 ἅμα
601 933 648 988 τῇ
673 949 715 972 τε
734 933 851 973 πόλει
876 935 1043 982 βοηθεῖν
1064 934 1187 972 οἴεται
1213 935 1295 972 δεῖν
1316 932 1378 971 καὶ
1399 933 1510 981 δίκην

175 1000 274 1051 ὑπὲρ
299 1001 417 1039 αὑτοῦ
448 1003 607 1049 λαβεῖν,
633 1003 746 1039 τοῦτο
778 999 884 1051 κάγὼ
914 998 1156 1051 πειράσομαι
1185 1002 1326 1044 ποιεῖν,
1356 1000 1423 1038 ἐὰν
1450 998 1510 1049 ἄρ’

176 1066 258 1107 οἶός
277 1065 312 1105 τ’
331 1063 374 1106 ὦ.
435 1065 671 1116 συμβέβηκε
696 1065 750 1111 δέ,
773 1067 907 1106 πολλὰ
927 1066 991 1106 καὶ
1016 1067 1125 1106 ὃεινῖι
1152 1066 1215 1106 καὶ
1235 1067 1340 1117 παρὰ
1360 1064 1509 1107 πάντας

175 1133 266 1175 τοὺς
291 1133 432 1183 νόμους
454 1131 705 1182 Εὐκτήμονος
724 1132 981 1185 ὑβρισμένου,
1005 1132 1156 1172 ἐλάττω
1181 1132 1288 1172 ταῦτ’
1308 1131 1407 1172 εἶναι
1432 1136 1509 1172 τῶν

177 1199 262 1249 ἐμοὶ
288 1198 562 1251 γεγενημένων
586 1199 633 1239 δι’
659 1199 940 1251 Ἀνδροτίωνος
970 1198 1226 1251 πραγμάτων.
1297 1199 1408 1240 οὗτος
1436 1199 1509 1249 μέν

175 1265 212 1318 γ’
241 1267 296 1308 εἷς
321 1265 503 1318 χρήματα
531 1266 592 1306 καὶ
621 1265 665 1306 τὸ
695 1265 786 1318 παρ’
812 1267 919 1317 ὑμῶν
949 1267 1092 1307 ἀδίκως
1122 1267 1307 1306 ἐκπεσεῖν
1338 1267 1507 1316 ἐπεβου-

174 1333 311 1383 λεύθη·
349 1334 417 1384 ἐμὲ
453 1333 485 1372 δ’
516 1332 595 1372 οὐδ’
625 1331 674 1373 ἂν
707 1331 867 1383 ἐδέξατο
901 1336 979 1373 τῶν
1010 1335 1136 1373 ὄντων
1169 1333 1387 1384 ἀνθρώπων
1419 1332 1507 1372 οὐδὲ

176 1400 244 1445 εῖς,
272 1400 305 1440 εἰ
329 1401 376 1439 τὰ
404 1399 764 1440 κατασκευασθένθ’
789 1399 865 1440 ὑπὸ
890 1401 1030 1440 τούτου
1056 1399 1145 1452 παρ’
1165 1400 1255 1449 ὑμῖν
1279 1400 1505 1449 ἐπιστεύθη.

174 1466 455 1517 αἰτιασάμενος
488 1466 564 1518 γάρ
591 1484 652 1517 με,
680 1467 704 1506 ἃ
734 1466 798 1507 καὶ
825 1466 960 1518 λέγειν
991 1466 1040 1507 ἂν
1068 1465 1254 1517 ὀκνήσειέ
1287 1483 1358 1513 τις,
1388 1467 1420 1506 εἰ
1453 1467 1505 1516 μὴ

174 1533 288 1587 τύχοι
320 1534 562 1586 προσόμοιος
594 1533 648 1573 ὢν
679 1534 816 1588 τούτῳ,
851 1533 920 1574 τὸν
954 1533 1088 1585 πατέρ’
1123 1533 1174 1574 ὡς
1210 1533 1395 1574 ἀπέκτον’
1428 1534 1506 1585 ἐγὼ

174 1600 242 1641 τὸν
276 1601 456 1651 ἐμαυτοῦ,
490 1601 552 1641 καὶ
587 1599 888 1643 κατασκευάσας
920 1601 1115 1651 ἀσεβείας
1147 1600 1306 1653 γραφὴν
1344 1600 1411 1639 οὐκ
1445 1600 1504 1639 ἐπ’

175 1667 257 1718 ἐμέ,
287 1667 378 1707 ἀλλ’
406 1668 470 1708 ἐπὶ
495 1666 564 1707 τὸν
590 1669 695 1708 θεῖόν
724 1684 811 1719 μου,
839 1666 999 1720 γράψας
1025 1668 1192 1716 ἀσεβεῖν
1218 1668 1305 1717 ἐμοὶ
1331 1666 1504 1707 συνιόντ’

175 1735 230 1776 εἷς
254 1734 397 1775 ταύτὸν
423 1734 473 1776 ὡς
498 1735 730 1785 πεποιηκότι
754 1738 887 1780 ταῦτα,
916 1736 972 1776 εἰς
1001 1735 1136 1786 ἀγῶνα
1163 1734 1423 1784 κατέστησεν·
1460 1733 1504 1773 ὃν

173 1802 208 1841 εἰ
233 1801 386 1851 συνέβη
415 1800 497 1841 τόθ’
523 1803 686 1847 ἁλῶναι,
714 1802 772 1843 τίς
798 1801 847 1842 ἂν
871 1801 1078 1852 ἀθλιώτερ’
1103 1803 1198 1850 ἐμοῦ
1227 1801 1432 1842 πεπονθὼς
1457 1799 1505 1849 ἦν

172 1867 248 1908 ὑπὸ
283 1868 441 1914 τούτου;
490 1869 548 1909 τίς
584 1870 659 1920 γὰρ
691 1868 740 1908 ἂν
772 1865 794 1918 ἦ
830 1870 950 1920 φίλος
982 1865 1005 1918 ἢ
1036 1867 1149 1918 ξένος
1181 1869 1236 1908 εἷς
1268 1868 1387 1907 ταύτό
1418 1866 1504 1907 ποτ’

174 1936 307 1975 ἐλθεῖν
331 1934 531 1985 ἠθέλησεν
551 1935 657 1985 ἐμοί,·
690 1936 749 1976 τίς
774 1934 807 1974 δ’
828 1935 876 1975 ἂν
902 1936 1013 1975 εἴασε
1039 1935 1157 1976 πόλις
1183 1951 1258 1974 που
1276 1933 1367 1985 παρ’
1389 1936 1505 1988 ἑαυτῇ

172 2001 361 2053 γενέσθαι
393 2001 462 2042 τὸν
495 2001 540 2041 τὸ
572 2001 714 2041 τοιοῦτ’
739 2001 929 2053 ἀσέβημα
963 2001 1138 2042 δοκοῦντ’
1169 2000 1396 2053 εἶργάσθαι;
1435 2000 1504 2039 οὐκ

172 2067 284 2108 ἔστιν
317 2068 405 2108 οὐδὲ
441 2069 523 2118 μία.
595 2069 672 2120 ἐγὼ
708 2070 842 2108 τοίνυν
877 2072 1000 2108 ταῦτα
1035 2070 1107 2118 μὲν
1144 2068 1189 2107 οὐ
1226 2069 1330 2120 παρὰ
1365 2067 1503 2118 μικρὸν

173 2135 461 2187 ἀγωνιζόμενος
488 2135 578 2186 παρ’
598 2136 687 2185 ὑμῖν
713 2134 987 2185 ἀπελυσάμην,
1010 2135 1102 2174 ἀλλ’
1122 2136 1227 2174 ὥστε
1253 2135 1298 2174 τὸ
1325 2134 1504 2185 πέμπτον

215 2253 235 2273 2
266 2246 324 2282 τῆς
347 2245 424 2274 add.
453 2244 504 2275 ed.
533 2243 637 2274 Paris.
662 2253 690 2274 a.
720 2253 802 2283 1570
951 2254 969 2281 4
1003 2245 1165 2285 νεώτερος,
1193 2245 1209 2274 ὁ
1233 2243 1267 2275 δὲ
1294 2243 1402 2284 ἕτερος
1426 2244 1501 2273 add.

171 2288 290 2318 eadem
449 2296 486 2325 13
511 2287 570 2328 ἆρα
587 2287 611 2317 S
770 2288 807 2316 16
831 2286 890 2326 μὲν
906 2288 969 2328 γὰρ
987 2287 1015 2316 Y
1030 2287 1060 2317 O
1074 2287 1098 2316 F
1113 2300 1164 2328 γρ.
1323 2287 1359 2316 18
1385 2286 1501 2327 ὄντων]

171 2330 299 2363 πάντων
317 2330 343 2360 L
505 2340 545 2359 22
571 2331 620 2361 καὶ
637 2340 703 2360 om.
723 2329 754 2360 O
916 2341 957 2367 24
982 2331 1102 2361 ταύτὸν
1119 2330 1149 2359 Α
1166 2341 1172 2360 t
1196 2330 1298 2362 ταύτὸ
1318 2330 1340 2360 S
1354 2330 1379 2359 L
1393 2330 1457 2360 FY
1472 2330 1502 2359 O

172 2374 213 2447 2?
247 2374 386 2447 ¹1·?›6add.
416 2373 537 2404 SLF:
575 2383 640 2404 om.
666 2378 743 2404 cett.
913 2384 955 2413 29
987 2373 1059 2405 οὐδὲ
1088 2374 1145 2412 μία
1173 2373 1216 2404 S:
1252 2374 1382 2413 οὐδεμία
1410 2379 1499 2411 cett„

172 2427 188 2448 c
207 2441 214 2448 .
240 2421 256 2454 ξ

1543 150 1660 205 [592]

1546 429 1585 463 13

1542 865 1658 919 [593]

1539 1483 1556 1506 Ι.)

1535 2082 1554 2116 υ.)
