1737 2734
125 520 142 550 5

170 126 289 180 xxm]
484 127 615 167 KAT'
659 130 1172 167 APIETOKPATOTE
1530 129 1637 182 [681]

165 235 198 274 δ’
232 234 280 274 ἂν
314 234 411 286 ἦγον
445 236 480 274 οἱ
515 237 828 286 στρατηγοῦντες
861 233 1008 279 αὐτοῖς,
1041 235 1061 272 ὁ
1098 233 1263 284 Βιάνωρ,
1295 234 1315 272 ὁ
1348 235 1493 283 Σίμων,
1528 234 1635 289 [681]

167 302 187 340 ὁ
211 301 495 353 Ἀθηνόδωρος,
522 301 770 353 φοβούμενοι
794 301 865 350 τὴν
892 301 956 340 διὰ
985 303 1053 339 τοῦ
1078 301 1344 352 ψηφίσματος
1374 317 1491 340 συκο-

166 369 352 420 φαντίαν,
381 368 400 406 ὁ
435 370 474 407 δὲ
511 368 653 417 ταύτης
685 369 753 417 τῆς
787 365 970 416 ἐξουσίας
1003 366 1236 407 ἀπολαύσας
1269 367 1332 406 καὶ
1360 369 1494 407 πᾶσαν

164 434 231 486 ὑφ’
266 436 368 489 αὐτῷ
405 436 547 485 λαβὼν
583 434 654 484 τὴν
695 433 821 487 ἀρχὴν
859 433 1021 487 ἰσχυρὸς
1057 433 1104 473 ἂν
1142 433 1282 486 ἐχθρὸς
1318 434 1494 487 ὑπῆρχεν

164 503 266 552 ὑμῖν.

224 567 346 621 ’Έχει
370 568 402 607 δ’
428 568 665 621 ὁρμητήριον
690 570 795 620 παρὰ
820 567 948 608 πάντα
977 568 1044 608 τὸν
1077 569 1223 621 χρόνον
1248 568 1349 623 αὐτῷ
1380 585 1491 618 τετη-
1529 576 1587 609 131

163 635 333 686 ρημένον
368 635 440 685 τὴν
477 638 708 687 Καρδιανῶν
743 635 876 684 πόλιν,
917 633 966 684 ἣν
1005 636 1047 674 ἐν
1088 634 1259 675 ἁπάσαις
1297 637 1370 685 μὲν
1408 638 1493 676 ταῖς

165 700 377 752 συνθήκαις
408 701 608 754 ἐξαίρετον
638 703 739 756 αὐτῷ
773 701 991 754 γέγραφεν,
1019 701 1063 741 τὸ
1096 705 1322 741 τελευταῖον
1354 704 1396 741 δὲ
1431 703 1494 742 καὶ

165 772 347 820 φανερῶς
376 768 499 818 αὐτὴν
529 770 721 821 ἀφείλετο
746 767 837 819 παρ’
862 769 982 818 ὑμῶν.
1045 769 1170 808 καίτοι
1198 772 1280 809 τοῖς
1309 769 1491 818 ἀπηλλα-

107 852 144 872 10
165 833 325 886 γμένοις
354 837 427 884 μὲν
455 838 523 875 τοῦ
552 836 641 886 περὶ
671 835 781 885 ἡμῶν
805 851 842 874 τι
869 837 1032 886 φρονεῖν
1063 834 1209 879 ἄδικον,
1236 836 1334 885 μετὰ
1361 834 1493 884 πάσης

105 1184 140 1215 15

164 901 197 941 δ’
217 902 404 951 ἀληθείας
424 903 561 944 ἁπλῶς
581 901 730 942 εὐνοεῖν
746 901 839 951 ἡμῖν
858 900 1067 957 ᾑρημένοις
1085 902 1127 941 τί
1142 904 1342 952 προσῆκεν
1361 902 1493 942 αὑτοῖς

165 967 398 1019 ὁρμητήριον
425 970 677 1008 καταλείπειν
710 967 910 1021 χρήσιμον
940 971 1008 1007 τοῦ
1040 967 1136 1020 πρὸς
1165 967 1266 1017 ἡμᾶς
1297 967 1470 1018 πολέμου
1478 985 1490 1012 ,·

1572 1049 1588 1071 Ν

164 1035 250 1074 ἴστε
278 1036 351 1086 γὰρ
378 1033 502 1084 δήπου
527 1038 656 1081 τοῦτο,
679 1036 715 1074 οἱ
739 1036 813 1085 μὲν
838 1033 1053 1086 ἀφιγμένοι
1078 1037 1233 1086 σαφῶς,
1260 1035 1296 1074 οἱ
1321 1033 1354 1074 δ’
1373 1034 1492 1074 ἄλλοι
1526 1038 1566 1071 18

162 1100 311 1141 τούτων
342 1102 563 1147 ἀκούοντες,
591 1102 652 1141 ὅτι
684 1104 753 1151 τῆς
778 1103 1013 1152 Καρδιανῶν
1046 1101 1202 1142 πόλεως
1235 1101 1408 1154 ἐχούσης
1441 1101 1491 1143 ὡς

162 1167 258 1221 ἔχει,
286 1169 319 1208 εἰ
344 1167 555 1220 γενήσεται
579 1169 627 1208 τὰ
652 1172 749 1219 πρὸς
773 1167 863 1209 τοὺς
884 1170 1044 1222 Θρᾷκας
1070 1168 1237 1219 εὐτρεπῆ
1262 1169 1314 1222 τῷ
1336 1170 1489 1220 Κερσο-

161 1234 332 1290 βλέπτῃ,
356 1234 445 1286 παρ’
465 1234 613 1286 ἡμέραν
639 1234 796 1285 ἔξεστιν
822 1233 924 1288 αὐτῷ
949 1235 1128 1285 βαδίζειν
1152 1234 1216 1274 ἐπὶ
1237 1235 1492 1285 Χερρόνησον

162 1302 370 1353 ἀσφαλῶς.
443 1302 577 1353 ὥσπερ
608 1303 683 1354 γὰρ
709 1301 861 1343 Χαλκὶς
886 1302 939 1356 τῷ
966 1302 1072 1355 τόπῳ
1098 1303 1166 1351 τῆς
1194 1301 1369 1351 Εὐβοίας
1393 1301 1491 1353 πρὸς

161 1370 228 1418 τῆς
274 1370 463 1409 Βοιωτίας
508 1372 643 1413 κεῖται,
683 1369 782 1408 οὕτω
821 1366 1078 1420 Χερρονήσου
1120 1371 1242 1408 κεῖται
1284 1368 1381 1420 πρὸς
1421 1370 1490 1418 τῆς

163 1433 323 1489 Θρᾴκης
344 1435 366 1485 ἡ
389 1438 618 1486 Καρδιανῶν
645 1435 773 1476 πόλις.
845 1433 893 1484 ἢν
919 1435 964 1474 ὃν
989 1434 1074 1488 ἕχει
1098 1435 1222 1475 τόπον
1247 1436 1359 1476 ὅστις
1383 1434 1490 1475 οἶδεν

161 1503 281 1551 ὑμῶν,
309 1502 388 1541 οὐδ’
415 1502 530 1542 ἐκεῖν’
557 1503 703 1554 ἀγνοεῖ,
731 1502 837 1544 τίνος
864 1503 994 1542 εἵνεκα
1025 1505 1158 1553 καιροῦ
1189 1503 1490 1553 περιπεποίηται

162 1569 222 1608 καὶ
243 1569 553 1609 διεσπούδασται
572 1569 625 1619 μὴ
642 1572 787 1620 λαβεῖν
804 1570 914 1619 ὑμᾶς.
976 1568 1020 1608 ὃν
1040 1569 1084 1608 οὐ
1106 1568 1490 1620 συμπαρασκευάσαι
1522 1571 1586 1616 183

161 1635 245 1674 καθ’
265 1636 370 1686 ὑμῶν
391 1636 517 1676 αὐτῶν
537 1637 735 1688 ὀφείλετε,
758 1636 865 1675 ἀλλὰ
892 1639 1070 1675 κωλῦσαι
1097 1635 1180 1675 καθ’
1200 1636 1298 1675 ὅσον
1325 1634 1489 1675 δυνατὸν

162 1702 223 1742 καὶ
244 1706 409 1743 σκοπεῖν
428 1703 535 1744 ὅπως
559 1702 610 1753 μὴ
638 1701 865 1754 γενήσεται,
888 1703 974 1743 ἐπεὶ
1000 1703 1058 1742 ὅτι
1085 1701 1122 1754 γ’
1143 1702 1223 1742 οὐδ’
1243 1701 1291 1742 ἂν
1311 1703 1488 1742 ὁντινοῦν

161 1768 294 1821 καιρὸν
326 1771 481 1821 παρείη,
509 1768 742 1819 δεδήλωκεν.
815 1770 1020 1810 Φιλίππου
1053 1771 1127 1821 γὰρ
1161 1770 1215 1811 εἰς
1250 1769 1488 1820 Μαρώνειαν

160 1836 349 1878 ἐλθόντος
374 1836 555 1889 ἔπεμψεν
589 1836 685 1887 πρὸς
718 1836 835 1876 αὐτὸν
861 1836 1181 1886 Ἀπολλωνίδην,
1210 1836 1364 1877 πίστεις
1398 1835 1487 1876 δοὺς

161 1903 295 1957 ἐκείνῳ
330 1903 393 1943 καὶ
419 1902 637 1953 Παμμένει·
678 1903 739 1942 καὶ
774 1904 806 1942 εἰ
839 1902 890 1953 μὴ
924 1907 1075 1953 κρατῶν
1104 1905 1173 1953 τῆς
1206 1903 1337 1955 χώρας
1361 1901 1482 1953 Ἀμά-

160 1971 273 2011 δοκος
300 1970 440 2010 ἀπεῖπε
466 1971 655 2024 Φιλίππῳ
679 1969 732 2020 μὴ
758 1970 994 2020 ἐπιβαίνειν,
1022 1970 1135 2010 οὐδὲν
1161 1969 1209 2009 ἂν
1235 1968 1282 2019 ἦν
1307 1970 1350 2009 ἐν
1374 1968 1485 2023 μέσῳ
1517 1967 1632 2022 [682]

161 2040 351 2086 πολεμεῖν
385 2036 486 2086 ἡμᾶς
524 2036 620 2088 πρὸς
659 2036 902 2087 Καρδιανοὺς
937 2036 1009 2086 ἤδη
1049 2037 1111 2076 καὶ
1150 2034 1483 2087 Κερσοβλέπτην.

161 2103 222 2142 καὶ
246 2104 305 2143 ὅτι
332 2103 438 2142 ταῦτ’
465 2103 592 2153 ἀληθῆ
618 2102 740 2155 λέγω,
766 2105 872 2151 λαβὲ
897 2101 969 2152 τὴν
995 2102 1175 2154 Χάρητος
1200 2100 1433 2152 ἐπιστολήν.

206 2221 218 2241 1
246 2213 284 2244 ἂν
300 2222 364 2242 om.
385 2210 423 2242 Sl
513 2222 535 2250 9
560 2212 659 2249 αὐτὴν
675 2221 740 2242 om.
760 2209 792 2240 A
886 2221 920 2240 11
949 2210 1177 2253 προῃρημένοις
1194 2211 1225 2242 Α
1326 2221 1364 2241 12
1389 2224 1485 2243 κατα-

159 2256 284 2287 λείπειν
312 2254 404 2286 YO:
454 2257 663 2286 καταλειπεΐν
701 2254 725 2284 S
766 2253 829 2295 (sic
861 2254 943 2284 xviii
980 2256 1019 2285 16
1051 2254 1089 2294 S)
1109 2266 1116 2285 τ
1163 2257 1355 2286 καταλιπεῖν
1393 2254 1481 2293 vulg.

164 2300 202 2328 16
226 2300 380 2335 ἀσφαλῶς
399 2299 449 2330 ἐπὶ
466 2298 669 2339 Χερρόνησον
685 2297 716 2327 Α
890 2307 927 2336 17
946 2303 978 2328 et
998 2299 1036 2328 18
1061 2299 1137 2340 πρὸς
1154 2298 1218 2339 bis]
1238 2299 1297 2338 πρὸ
1315 2297 1345 2327 Α
1363 2303 1396 2328 et
1415 2298 1483 2329 Rh.

160 2341 218 2372 Gr.
239 2343 273 2371 ix
294 2351 376 2380 1150
545 2352 587 2371 20
612 2342 716 2373 εἵνεκα
734 2340 757 2372 S
776 2340 863 2380 vulg.
882 2352 888 2371 z
915 2340 1009 2373 ἕνεκα
1024 2340 1056 2371 Α
1226 2352 1267 2381 23
1289 2341 1482 2382 γενήσεται]

160 2385 331 2422 δυνήσεται
349 2384 373 2415 S
390 2394 473 2416 corr.
495 2384 523 2415 B
540 2394 623 2416 corr.
771 2394 810 2423 27
836 2386 874 2417 ἂν
890 2395 953 2416 om.
974 2385 1006 2415 A
1148 2385 1189 2415 28
1213 2385 1288 2425 ἡμῖν
1305 2385 1335 2415 Α
1424 2386 1484 2422 ἤδη

159 2438 223 2458 om.
243 2427 274 2457 A
