1737 2734
138 161 256 218 [796]
699 160 1218 214 [ΔΗΜΟΣΘΕΝΟὙΣ]
1523 163 1620 216 {xxv

285 268 451 318 φθείρει.
523 268 631 317 ὑμεῖς
663 267 751 319 γάρ,
792 265 822 308 ὦ
860 267 997 320 ἄνδρες
1030 267 1248 318 Ἀθηναῖοι,
1285 269 1331 324 τῇ
1363 271 1433 319 τῆς
1464 271 1624 322 φύσεως

285 332 380 384 πρὸς
411 332 624 383 ἀλλήλους,
653 335 750 384 ὅπερ
785 334 908 380 εἶπον,
942 335 1140 387 χρώμενοι
1165 337 1459 388 φιλανθρωπίᾳ,
1487 337 1623 388 ὥσπερ

284 401 323 439 αἱ
357 399 585 451 συγγένειαι
622 402 690 442 τὰς
731 402 829 442 ἰδίας
867 402 1049 441 οἰκοῦσιν
1086 402 1222 447 οἰκίας,
1261 402 1362 441 οὕτω
1398 401 1470 451 τὴν
1504 404 1623 443 πόλιν

209 473 252 507 88
283 466 424 506 οἰκεῖτε
458 467 640 520 δημοσίᾳ.
713 470 795 508 πῶς
831 467 898 507 οὖν
937 469 1103 512 ἐκεῖναι;
1147 468 1244 508 ὅπου
1280 467 1406 518 πατήρ
1440 470 1527 508 ἐστι
1560 469 1623 509 καὶ

283 533 379 574 υἱεῖς
411 531 561 583 ἄνδρες,
593 536 715 586 τυχὸν
750 536 791 574 δὲ
821 534 885 574 καὶ
930 534 1078 574 τούτων
1115 536 1263 579 παῖδες,
1295 534 1447 574 ἐνταῦθ’
1471 534 1621 587 ἀνάγκη
1643 558 1661 588 5

284 599 438 640 πολλὰς
455 599 516 638 καὶ
536 602 657 649 μηδὲν
678 600 813 650 ὁμοίας
835 599 935 641 εἶναι
970 599 1201 650 βουλήσεις·
1236 599 1280 639 οὗ
1305 602 1380 652 γὰρ
1399 604 1476 641 τῶν
1495 601 1622 642 αὐτῶν

283 665 372 705 οὔτε
396 665 529 717 λόγων
549 665 629 705 οὔτ’
651 666 776 717 ἔργων
797 667 909 707 ε’στὶν
942 666 964 716 ἡ
992 667 1129 717 νεότης
1148 671 1201 721 τῷ
1226 667 1336 720 γήρᾳ.
1400 666 1492 706 ἀλλ’
1518 669 1622 718 ὅμως

282 732 323 771 οἵ
355 748 397 771 τε
433 731 514 772 νέοι
548 731 662 772 πάνθ’
697 733 760 771 ὄσ’
797 732 843 773 ἂν
888 733 1131 785 πράττωσιν,
1168 733 1289 784 ἄνπερ
1322 731 1421 773 ὦσιν
1456 733 1619 786 μέτριοι,

281 798 381 838 οὕτω
410 802 590 839 ποιοῦσιν
623 799 727 840 ὥστε
761 799 941 849 μάλιστα
983 802 1055 850 μὲν
1090 802 1301 850 πειρᾶσθαι
1334 800 1559 846 λανθάνειν,
1587 802 1621 841 εἰ

281 866 322 904 δὲ
357 864 424 915 μή,
460 867 628 917 φανεροί
663 865 700 917 γ’
734 865 833 906 εἶναι
876 869 991 906 τοῦτο
1030 867 1275 916 βουλόμενοι
1311 870 1451 906 ποιεῖν·
1505 867 1546 906 οἵ
1578 883 1619 907 τε
1644 887 1681 908 10

281 932 546 983 πρεσβύτεροι
569 931 702 978 πάλιν,
723 931 771 972 ἂν
790 932 849 985 ἄρ’
879 935 1017 973 ἴδωσιν
1038 929 1060 982 ἢ
1087 933 1265 982 δαπάνην
1291 929 1313 981 ἢ
1340 933 1460 973 πότον
1480 930 1502 982 ἢ
1529 950 1617 973 παι-

280 999 368 1037 διὰν
393 998 517 1038 πλείω
542 1000 610 1048 τῆς
633 999 805 1050 μετρίας,
834 1000 934 1039 οὕτω
966 998 1075 1039 ταῦθ’
1107 1000 1254 1050 ὁρῶσιν
1279 1000 1384 1039 ὥστε
1412 999 1465 1049 μὴ
1490 1001 1620 1040 δοκεῖν

281 1063 496 1115 ἑορακέναι.
570 1066 611 1105 ἐκ
636 1068 678 1106 δὲ
702 1066 851 1106 τούτων
892 1067 1074 1118 γίγνεταί
1104 1082 1144 1106 τε
1173 1065 1287 1106 πάνθ’
1312 1066 1336 1106 ἃ
1361 1065 1554 1117 φέρουσιν
1580 1069 1619 1106 αἰ

135 1117 249 1172 [797]
281 1130 423 1181 φύσεις
444 1131 507 1171 καὶ
533 1135 662 1173 καλῶς
686 1132 877 1184 γίγνεται.
949 1132 1017 1172 τὸν
1038 1132 1157 1172 αὐτὸν
1180 1134 1311 1173 τοίνυν
1329 1132 1476 1184 τρόπον
1495 1134 1616 1182 ὑμεῖς,

203 1174 248 1218 89
279 1194 308 1236 ὦ
333 1197 470 1249 ἄνδρες
497 1197 711 1249 Ἀθηναῖοι,
740 1199 811 1249 τὴν
848 1199 965 1239 πόλιν
992 1200 1131 1240 οἰκεῖτε
1165 1201 1407 1251 συγγενικῶς
1433 1199 1495 1238 καὶ
1521 1205 1615 1251 φιλ-
1642 1218 1676 1250 ¹5

276 1265 503 1316 ἀνθρώπως,
531 1267 567 1306 οἱ
597 1267 668 1316 μὲν
695 1267 816 1308 οὕτως
861 1267 1026 1317 ὁρῶντες
1051 1268 1099 1306 τὰ
1129 1269 1207 1306 τῶν
1239 1265 1490 1319 ἠτυχηκότων
1521 1266 1618 1318 ἔργα

275 1331 392 1378 ὥστε,
425 1335 469 1371 τὸ
505 1334 573 1382 τῆς
610 1334 833 1384 παροιμίας,
877 1333 1049 1384 ὁρῶντας
1089 1332 1141 1383 μὴ
1180 1333 1274 1384 ὁρᾶν
1308 1333 1369 1372 καὶ
1402 1332 1617 1374 ἀκούοντας

273 1397 325 1447 μὴ
356 1398 523 1444 ἀκούειν,
551 1401 588 1438 οἱ
621 1398 654 1439 δ’
679 1400 780 1439 οὕτω
825 1403 1028 1441 ποιοῦντες
1065 1399 1089 1439 ἃ
1118 1398 1359 1451 πράττουσιν
1395 1398 1491 1438 ὥστ’
1516 1398 1616 1439 εἶναι

274 1465 440 1516 φανεροὶ
461 1465 522 1504 καὶ
548 1466 842 1516 φυλαττόμενοι
877 1467 940 1506 καὶ
968 1466 1268 1519 αἰσχυνόμενοι.
1339 1466 1382 1505 ἐκ
1407 1467 1448 1505 δὲ
1467 1466 1617 1506 τούτων

274 1531 296 1581 ἡ
323 1531 432 1581 κοινὴ
459 1532 521 1572 καὶ
547 1531 704 1572 πάντων
734 1536 812 1572 τῶν
856 1533 1014 1584 ἀγαθῶν
1052 1533 1157 1572 αἰτία
1189 1532 1235 1588 τῇ
1266 1532 1380 1572 πόλει
1411 1531 1521 1582 μένει
1554 1533 1617 1572 καὶ
1639 1552 1676 1573 20

198 1615 245 1649 90
275 1597 519 1649 συνέστηκεν
544 1599 717 1649 ὁμόνοια.
780 1603 905 1639 ταῦτα
926 1599 1060 1640 τοίνυν
1088 1598 1395 1650 Ἀριστογείτων
1419 1600 1467 1638 τὰ
1488 1603 1616 1640 καλῶς

274 1665 373 1704 οὕτω
416 1666 623 1717 πεπηγότα
662 1672 710 1722 τῇ
753 1666 876 1718 φύσει
930 1667 993 1706 καὶ
1031 1669 1113 1708 τοῖς
1149 1665 1265 1716 ἤθεσι
1298 1669 1379 1707 τοῖς
1416 1665 1617 1717 ὑμετέροις

274 1734 374 1771 κινεῖ
404 1733 467 1772 καὶ
499 1733 653 1784 ἀναιρεῖ
685 1733 748 1772 καὶ
786 1733 1051 1784 μεταρρίπτει,
1105 1733 1167 1772 καὶ
1200 1732 1224 1772 ἃ
1256 1735 1333 1773 τῶν
1366 1731 1503 1772 ἄλλων
1539 1736 1616 1772 τῶν

273 1797 528 1852 ἠτυχηκότων
559 1800 725 1841 ἕκαστος
756 1800 962 1852 ἀψοφητεὶ
1006 1802 1123 1845 ποιεῖ,
1150 1798 1258 1839 ταῦθ’
1283 1799 1395 1840 οὗτος
1426 1799 1548 1849 μόνον
1573 1799 1616 1838 οὐ

275 1864 456 1906 κώδωνας
476 1864 728 1917 ἐξαψάμενος
752 1866 1040 1918 διαπράττεται.
1115 1866 1158 1906 οὐ
1179 1865 1397 1917 πρυτάνεις,
1419 1865 1464 1905 οὗ
1484 1864 1614 1916 κῆρυξ,
1639 1884 1674 1914 25

274 1931 342 1972 οὐκ
379 1931 606 1982 ἐπιστάτης,
641 1932 714 1985 οὐχ
750 1932 772 1982 ἡ
819 1933 1109 1984 προεδρεύουσα
1146 1932 1254 1985 φυλὴ
1288 1932 1426 1972 τούτου
1462 1935 1616 1982 κρατεῖν

198 2013 238 2046 91
275 1998 446 2038 δύναται.
520 2000 677 2039 ἐπειδὰν
712 1999 779 2039 οὖν
820 2016 878 2041 τις
911 2001 1018 2050 ὑμῶν
1052 1999 1117 2051 ἐφ’
1143 2000 1200 2040 οῖς
1239 1998 1350 2040 οὗτος
1384 1999 1617 2050 ἀσελγαίνει

275 2065 462 2115 λυπηθεὶς
489 2067 579 2121 εἴπῃ
607 2068 617 2083 ‘
643 2070 782 2106 τοῦτον
808 2067 848 2105 δὲ
875 2070 996 2106 ταῦτα
1020 2069 1159 2112 ποιεῖν,
1188 2066 1249 2105 καὶ
1274 2065 1381 2106 ταῦτ’
1400 2065 1617 2117 ὀφείλοντα

276 2135 329 2186 τῷ
350 2132 555 2186 δημοσίῳ,’
592 2135 601 2149 ‘
618 2134 657 2173 τί
680 2132 733 2179 δ’,·
773 2131 817 2171 οὐ
843 2133 904 2172 καὶ
932 2133 952 2171 ὁ
978 2131 1107 2172 δεῖνα’
1134 2134 1261 2184 φησὶν
1289 2135 1297 2149 ‘
1316 2131 1513 2184 ὀφείλει’,·
1549 2131 1617 2171 τὸν

328 2251 347 2271 2
372 2242 448 2281 πρὸς
467 2242 632 2279 ἀλλήλους
649 2251 712 2272 om.
735 2241 760 2271 F
863 2242 884 2271 6
908 2240 1009 2283 (τὰς)
1027 2242 1201 2279 βουλήσεις
1221 2241 1356 2272 Dobree
1472 2250 1573 2270 11-12
1597 2241 1616 2277 ἢ

286 2286 414 2316 παιδιὰν
438 2308 444 2314 .
466 2308 472 2314 .
494 2308 501 2314 .
528 2285 659 2326 μετρίας
684 2295 747 2315 om.
776 2284 805 2314 A
1002 2295 1038 2323 17
1071 2285 1173 2325 ὥστε]
1201 2286 1308 2326 ὥσπερ
1334 2284 1424 2315 SO:
1458 2286 1534 2324 ὅπερ
1553 2283 1616 2313 FB

286 2331 425 2366 ὁρῶντας
457 2351 464 2358 .
500 2351 506 2358 .
542 2352 548 2358 .
584 2329 757 2360 ἀκούοντας
794 2326 969 2358 SAYO:
1016 2331 1150 2368 ὁρῶντες
1183 2351 1188 2357 .
1224 2351 1231 2358 .
1267 2351 1274 2358 .
1310 2328 1479 2359 ἀκούοντες
1522 2326 1553 2356 F¹
1575 2325 1614 2356 Β1

287 2381 327 2408 24
353 2370 459 2411 οὗτος]
479 2373 577 2404 οὕτως
595 2370 633 2401 S‘
810 2381 852 2409 25
876 2371 1042 2413 πρυτάνεις
1061 2371 1178 2401 Blass:
1205 2383 1364 2412 πρυτανης
1383 2370 1419 2400 S¹
1437 2382 1441 2400 :
1466 2370 1616 2411 πρύτανις

287 2419 365 2444 cett.
504 2416 545 2444 26
570 2415 826 2455 προσεδρεύουσα
844 2414 987 2445 Foucart
1120 2415 1162 2444 28
1185 2417 1302 2446 τοῦτον
1319 2414 1364 2445 S:
1389 2415 1518 2445 τουτονὶ
1535 2418 1612 2444 cett.

292 2455 323 2487 δὲ
342 2457 417 2489 add.
436 2457 465 2487 Α
484 2469 489 2487 :
515 2468 578 2487 om.
601 2458 623 2488 S
642 2458 743 2496 vulg„
764 2458 803 2488 cs.
825 2458 883 2488 xxi
902 2468 967 2497 209
1057 2460 1127 2499 εἴπῃ
1147 2463 1223 2497 post
1240 2460 1341 2489 ποιεῖν
1358 2457 1434 2487 add.
1453 2456 1484 2487 A
1498 2456 1522 2486 F
