1737 2734
143 164 263 218 xxm]
457 166 586 206 KAT’
629 168 1148 206 ΑΡΙΣΤΟΚΡΑΤΟΎΣ

140 273 457 324 μνημονεύοντας
483 273 531 313 ἂν
556 275 655 324 ὑμᾶς
681 273 845 324 ἄμεινον
865 272 1094 324 φυλάττειν,
1117 271 1164 312 ἂν
1191 271 1384 324 παράγειν
1412 271 1473 312 καὶ

142 340 366 392 φενακίζειν
385 340 491 379 οὗτοι
513 340 694 390 ζητῶσιν.
758 340 778 379 6
798 343 950 391 πρῶτος
967 340 1085 389 νόμος
1106 339 1285 390 ἄντικρυς
1305 340 1471 391 εἴρηκεν,

141 406 189 446 ἄν
217 422 275 447 τις
308 407 532 462 ἀποκτείνῃ,
565 406 636 456 τὴν
670 406 826 457 βουλὴν
861 406 1043 456 δικάζειν·
1089 407 1109 445 ὁ
1135 405 1190 451 δέ,
1217 405 1264 446 ἄν
1291 421 1348 446 τις
1374 406 1471 446 ἀπο-

142 474 285 528 κτείνῃ,
320 472 432 514 εὐθὺς
465 473 644 525 ἔγραψεν
678 473 883 525 ἀγώγιμον
921 473 1032 513 εἶναι.
1105 475 1219 512 τοῦτο
1252 472 1474 525 φυλάττετε

102 558 119 588 5
143 539 205 579 καὶ
228 539 446 590 μέμνησθε,
474 541 534 580 ὅτι
559 539 719 580 πάντων
746 539 1035 580 ἐναντιώτατόν
1062 540 1148 579 ἐστι
1177 539 1230 594 τῷ
1261 540 1405 590 κρίνειν
1430 539 1474 579 τὸ

140 606 192 656 μὴ
231 607 388 646 διδόντα
425 607 555 658 κρίσιν
593 607 751 646 ἔκδοτον
790 609 930 646 ποιεῖν.
1002 606 1071 646 οὐκ
1105 606 1148 660 ἐᾷ
1179 607 1278 656 μετὰ
1311 605 1418 646 ταῦθ’
1453 607 1474 645 ὁ

141 672 321 724 δεύτερος
347 674 463 723 νόμος
498 673 584 713 οὐδὲ
616 673 683 713 τὸν
714 672 904 713 ἑαλωκότ’
931 673 1179 725 ἀνδροφόνον
1209 673 1472 724 λυμαίνεσθαι

142 740 230 780 οὐδὲ
250 738 433 793 χρήματα
452 739 710 792 πράττεσθαι·
746 741 766 780 ὁ
786 738 819 779 δ’
840 740 882 779 ἐν
901 743 953 794 τῷ
975 744 1102 779 ποιεῖν
1122 740 1324 791 ἀγώγιμον
1343 739 1472 780 πάντα

140 810 261 847 ταῦτα
286 806 466 846 δέδωκεν·
505 807 569 847 ἐπὶ
595 808 670 859 γὰρ
695 810 775 848 τοῖς
800 810 1002 857 λαβοῦσιν
1027 807 1140 847 ἔσται
1166 810 1293 846 ποιεῖν
1318 807 1340 845 ὅ
1363 824 1400 846 τι
1425 806 1472 847 ἂν

83 889 120 911 10
141 873 382 923 βούλωνται.
443 873 611 925 ἀπάγειν
637 874 657 913 ὁ
682 874 800 924 νόμος
830 872 881 914 ὡς
910 873 1000 914 τοὺς
1030 872 1274 924 θεσμοθέτας
1306 874 1470 919 κελεύει,

143 940 205 980 καὶ
229 939 346 986 τοῦτ’,
373 940 422 980 ἂν
449 941 490 980 ἐν
516 946 563 997 τῇ
588 944 655 980 τοῦ
684 940 927 981 πεπονθότος
955 939 1066 996 λάβῃ
1092 956 1151 981 τις
1176 940 1345 991 πατρίδι·
1384 941 1404 980 6
1437 940 1471 980 δ’

142 1007 344 1059 ἀγώγιμον
365 1007 466 1061 αὐτῷ
487 1010 539 1061 τῷ
559 1007 631 1057 τὴν
658 1007 785 1047 αἰτίαν
813 1007 1064 1059 ἐπενεγκόντι
1083 1007 1245 1047 δίδωσιν
1267 1007 1317 1048 ὡς
1337 1008 1468 1053 αὑτόν,

142 1072 214 1114 κᾶν
245 1076 314 1124 τῆς
347 1075 562 1126 ἀλλοτρίας
597 1090 672 1115 που
703 1073 827 1130 λάβῃ.
901 1073 1013 1114 ἔστιν
1049 1073 1114 1126 ἐφ’
1140 1074 1198 1116 οἷς
1232 1072 1471 1124 ἀδικήμασιν

142 1140 311 1181 δέδωκεν
345 1141 591 1181 ἀποκτείνειν
617 1141 638 1180 ὁ
663 1141 793 1192 νόμος·
831 1142 852 1181 6
885 1140 918 1180 δ’
943 1140 1057 1181 οὐδὲν
1085 1139 1274 1186 ὑπειπών,
1303 1140 1374 1181 κᾶν
1405 1142 1469 1181 ἐπὶ

83 1221 119 1254 15
141 1208 293 1249 τούτοις
317 1224 376 1249 τις
403 1208 546 1263 κτείνῃ,
569 1209 730 1248 δίδωσιν
755 1207 915 1248 ἔκδοτον
939 1207 1008 1248 τὸν
1033 1208 1161 1262 ἀθῷον
1187 1207 1404 1260 ἀφειμένον
1430 1210 1471 1247 ἐν

141 1278 222 1317 τοῖς
248 1275 394 1325 νόμοις.
457 1274 504 1315 ἄν
524 1291 583 1317 τις
603 1274 709 1331 πάθῃ
734 1291 773 1315 τι
796 1278 986 1321 τοιοῦτον,
1013 1276 1122 1316 δίκας
1142 1275 1162 1314 ὁ
1180 1275 1299 1326 νόμος
1320 1274 1471 1315 κελεύει

141 1343 265 1382 αἰτεῖν
290 1345 458 1393 πρῶτον·
498 1343 518 1381 6
543 1343 584 1382 δὲ
609 1341 836 1383 τούναντίον
866 1341 1050 1392 οὐδεμίαν
1085 1343 1215 1393 κρίσιν
1249 1341 1328 1381 οὔτ’
1354 1341 1470 1382 αὐτὸς

142 1409 262 1449 εἰπὼν
295 1409 383 1449 οὔτε
409 1408 500 1461 παρ’
526 1409 580 1449 ὧν
605 1408 711 1459 ἀξιοῖ
739 1413 887 1460 λαβεῖν
919 1407 1101 1458 αἰτήσας,
1129 1409 1332 1460 ἀγώγιμον
1359 1408 1470 1450 εὐθὺς

141 1476 332 1528 ἔγραψεν,
374 1475 445 1515 κᾶν
487 1492 546 1517 τις
587 1476 815 1528 ἀφαιρῆται,
855 1475 1079 1527 παραχρῆμ’
1120 1476 1353 1515 ἔκσπονδον.
1425 1476 1470 1515 τὸ

81 1556 121 1578 20
141 1541 429 1595 ἀνδρολήψιον,
458 1542 550 1594 παρ’
576 1543 633 1584 οῖς
658 1542 706 1582 ἂν
732 1543 752 1582 ὁ
778 1541 927 1594 δράσας
954 1541 991 1598 ᾗ,
1018 1541 1066 1581 ἂν
1097 1541 1149 1592 μὴ
1175 1545 1312 1581 διδῶσι
1346 1543 1467 1587 δίκας,

142 1610 373 1649 κελεύουσιν
399 1611 435 1649 οἱ
462 1609 573 1659 νόμοι
605 1608 724 1661 μέχρι
756 1612 873 1660 τριῶν
908 1608 1020 1649 εἶναι·
1059 1610 1079 1648 6
1112 1608 1166 1654 δέ,
1196 1608 1243 1648 ἂν
1269 1608 1472 1661 ἀφέληταί

140 1692 199 1717 τις
234 1675 302 1716 τὸν
338 1676 487 1728 ἄγοντα
517 1675 568 1726 μὴ
601 1676 850 1726 βουλόμενος
883 1679 955 1727 πρὸ
990 1676 1097 1724 δίκης
1129 1677 1322 1721 ἐκδοῦναι,
1359 1675 1470 1716 εὐθὺς

141 1743 364 1783 ἔκσπονδον
389 1746 504 1783 ποιεῖ.
565 1741 634 1781 οὐκ
661 1744 706 1797 ἐᾷ
731 1742 866 1793 νόμον,
893 1741 942 1782 ἂν
966 1742 1018 1793 μὴ
1044 1741 1114 1782 τὸν
1139 1741 1255 1782 αὐτὸν
1282 1743 1346 1782 ἐπὶ
1371 1744 1470 1782 πᾶσι

140 1812 228 1865 τιθῇ
260 1826 330 1856 τις,
359 1809 576 1860 εἰσφέρειν·
620 1809 641 1848 ὁ
675 1808 708 1849 δ’
738 1808 799 1849 ἐπ’
825 1810 935 1861 ἀνδρὶ
970 1808 1117 1861 γράφει
1141 1807 1323 1861 ψήφισμ’
1355 1810 1469 1849 ἴδιον.

80 1888 118 1919 25
139 1875 207 1914 οὐκ
233 1877 278 1931 ἐᾷ
297 1875 480 1928 ψήφισμ’
501 1876 521 1914 ὁ
546 1875 664 1926 νόμος
691 1876 922 1928 κυριώτερον
950 1876 1050 1916 εἶναι
1076 1877 1209 1926 νόμου·
1248 1876 1268 1914 6
1294 1875 1327 1915 δ’
1346 1874 1467 1927 ὑπαρ-

139 1942 293 1994 χόντων
318 1942 520 1982 τοσούτων
545 1943 674 1993 νόμων
699 1941 899 1995 ψήφισμα
924 1946 1030 1983 ποιεῖ
1053 1943 1184 1994 κύριον
1209 1942 1298 1984 τοὺς
1328 1942 1469 1992 νόμους

140 2009 323 2060 ἀναιρῶν.
394 2013 516 2049 ταῦτα
541 2008 762 2061 φυλάττετε
796 2009 858 2049 καὶ
890 2009 1132 2060 μεμνημένοι
1158 2009 1343 2059 κάθησθε.
1405 2026 1467 2049 και

139 2076 208 2116 τὰς
233 2077 305 2125 μὲν
331 2075 583 2128 παραγωγάς,
611 2076 657 2117 ἃς
690 2076 799 2116 οὗτοι
829 2075 1079 2126 ποιήσονται,
1107 2077 1264 2128 χαίρειν
1290 2077 1377 2116 ἐᾶτε
1405 2076 1468 2115 καὶ

186 2196 199 2216 1
226 2185 318 2225 prius
336 2187 374 2217 ἂν
390 2196 455 2216 om.
478 2185 501 2216 S
514 2185 579 2216 FY
593 2185 623 2215 O
768 2196 787 2215 2
814 2188 891 2223 ὑμᾶς
910 2191 987 2224 post
1007 2185 1146 2225 ζητῶσιν
1163 2186 1240 2216 add.
1260 2184 1349 2223 vulg.
1366 2199 1371 2215 :
1398 2195 1464 2214 om.

141 2230 164 2261 S
182 2230 273 2260 SOIUS
443 2239 462 2267 3
487 2229 660 2270 ἀποκτείνῃ
677 2229 751 2261 τινὰ
768 2229 797 2259 Α
811 2229 836 2259 F
850 2229 878 2259 Y
892 2229 922 2259 Ο
1090 2239 1109 2267 5
1136 2228 1372 2261 ἐναντιώτατόν
1388 2233 1467 2258 ante

140 2273 263 2313 ἐστι(ν)
284 2273 307 2304 S
325 2273 388 2304 aL:
416 2278 492 2312 post
509 2274 602 2304 ἐστὶν
618 2273 647 2302 Α
662 2272 687 2302 F
864 2275 885 2302 6
909 2273 1008 2305 δόντα
1024 2272 1052 2302 Α
1068 2272 1092 2302 F
1270 2273 1291 2302 8
1315 2272 1343 2302 δ’
1362 2271 1411 2311 ἐν]
1431 2271 1466 2303 δὲ

139 2315 169 2346 Y
183 2316 213 2347 Ο
350 2326 386 2355 17
413 2317 561 2348 ἀπαιτεῖν
578 2315 608 2346 Y
620 2315 651 2346 O
665 2315 690 2346 F
827 2326 865 2355 19
889 2319 976 2348 ποιεῖ
990 2320 1064 2355 post
1083 2316 1260 2347 ἔκσπονδον
1276 2315 1353 2345 add.
1373 2315 1466 2353 vulg.

139 2359 164 2390 S
182 2369 266 2390 corr.
287 2371 294 2390 ε
318 2370 382 2390 om.
404 2359 440 2390 S¹
458 2359 551 2390 solus
650 2360 689 2391 τὸ
707 2370 772 2389 οιη.
795 2359 828 2390 S¹
846 2360 951 2397 solus,
970 2360 1029 2389 sed
1049 2359 1089 2389 cs.
1112 2361 1127 2395 ξ
1145 2359 1187 2398 83
1336 2368 1379 2388 20
1403 2357 1463 2397 055]

138 2401 181 2434 ὧν
199 2402 223 2433 S
240 2402 334 2433 solus
437 2413 478 2442 23
504 2405 519 2435 ὁ
537 2402 630 2443 νόμος
646 2407 726 2433 ante
743 2403 840 2443 νόμον
856 2403 932 2434 add.
954 2401 1146 2433 Felicianus
1235 2403 1278 2432 26
1301 2401 1467 2434 τοσούτων

138 2456 201 2476 om.
223 2445 289 2477 SA

1504 167 1626 222 [692]

1503 272 1626 328 [692]

1505 615 1571 647 216

1502 1492 1520 1515 1)

1550 1484 1569 1517 00

1456 2009 1465 2021 *
1500 1988 1620 2042 [693]

1500 2055 1567 2089 219
