1737 2734
169 181 263 235 [711]

223 368 263 402 35

220 1230 262 1266 37

156 1546 259 1599 [712]

722 184 1206 222 ΔΗΜΟΣΘΕΝΟΎΣ
1508 184 1621 238 [mv

931 286 1027 300 ’tn

297 288 402 327 τίνος
429 287 576 332 εἵνεκα,·
616 290 770 338 πρῶτον
794 289 867 337 μὲν
891 288 926 326 ἵν
959 305 1048 337 υμιν
1069 287 1136 342 ἐξῇ
1157 289 1204 327 τὰ
1224 289 1352 327 δίκαια
1372 290 1624 340 ψηφίζεσθαι

296 353 380 403 μετ’
408 353 629 402 εὐσεβείας.
691 354 724 393 εἰ
748 354 823 405 γὰρ
849 355 986 403 εἴησαν
1012 354 1074 394 δύ’
1095 355 1265 394 ἐναντίοι
1285 355 1410 404 νόμοι,
1433 355 1499 394 καί
1521 371 1623 396 τινες

297 421 485 459 ἀντίδικοι
522 419 611 470 παρ’
644 418 732 469 ὑμῖν
770 421 1024 471 ἀγωνίζοιντο
1060 418 1082 469 ἢ
1121 422 1208 472 περὶ
1245 422 1446 471 δημοσίων
1478 418 1500 470 ἢ
1536 423 1622 471 περὶ

297 487 405 526 ἰδίων
443 485 695 537 πραγμάτων,
732 485 858 536 ἀξιοίη
893 486 925 525 δ’
960 487 1140 537 ἑκάτερος
1174 490 1283 526 νικᾶν
1319 487 1370 537 μὴ
1403 487 1472 527 τὸν
1505 488 1623 527 αὐτὸν

295 552 481 591 δεικιηῗων
519 553 652 601 νόμον,
691 552 770 592 οὔτ’
808 552 1046 604 ἀμφοτέροις
1086 555 1143 593 ε”νι
1183 552 1306 602 δήπου
1343 555 1620 604 ψηφίσασθαι·

296 623 377 660 πῶς
409 619 503 670 γάρ;
545 619 631 659 οὔτε
665 618 814 673 θατέρῳ
848 619 1145 670 ψηφιζομένους
1180 620 1367 670 εὐορκεῖν·
1411 622 1515 671 παρὰ
1549 622 1623 671 γὰρ

295 685 362 724 τὸν
396 686 587 731 ἐναντίον,
616 686 710 724 ὄντα
744 685 775 725 δ’
802 686 943 736 ὁμοίως
979 687 1122 737 κύριον,
1158 687 1180 735 ἡ
1214 690 1361 737 γνῶσις
1396 687 1622 736 συμβαίνει.

295 753 410 791 τοῦτό
441 751 474 790 τ’
510 752 577 791 οὖν
612 753 707 802 ὑπὲρ
742 753 844 801 ὑμῶν
881 754 1179 803 φυλαττόμενος
1213 756 1332 792 ταῦτα
1364 757 1526 804 προεῖπε
1562 754 1622 792 καὶ

295 818 353 857 ἕτι
378 818 473 869 πρὸς
498 819 618 871 τούτῳ
644 820 890 868 βουλόμενος
917 820 1097 870 φύλακας
1123 820 1220 869 ὑμᾶς
1244 823 1322 859 τῶν
1347 819 1477 869 νόμων
1508 835 1621 858 κατα-

295 887 456 934 στῆσαι·
498 884 582 940 ᾔδει
609 887 684 936 γὰρ
714 887 853 930 ἐκεῖνο,
882 886 942 925 ὅτι
974 888 1042 926 τὰς
1072 886 1198 926 ἄλλας
1224 886 1268 926 ἀς
1301 885 1471 937 γέγραφ’
1496 886 1622 926 αὐτῶν

295 953 477 1003 φυλακὰς
510 952 597 991 ἔστι
631 958 817 1008 πολλαχῇ
850 953 1174 1003 διακρούσασθαι.
1246 952 1336 994 τοὺς
1366 953 1620 1004 συνηγόρους,

293 1019 359 1059 οὓς
391 1022 668 1071 χειροτονεῖτε,
697 1017 842 1058 δύναιτ’
869 1018 917 1058 ἂν
944 1021 1083 1058 πεῖσαί
1106 1035 1163 1060 τις
1191 1021 1358 1059 σιωπᾶν.
1430 1019 1623 1058 ἐκτιθέναι

295 1085 447 1125 κελεύει
471 1088 538 1124 τοῦ
568 1085 788 1136 προειδέναι
814 1084 977 1126 πάντας’
1016 1085 1105 1138 τάχ’
1130 1085 1190 1130 ἄν,
1220 1086 1253 1125 εἰ
1279 1086 1404 1137 τύχοι,
1431 1085 1520 1126 τοὺς
1552 1088 1622 1135 μὲν

293 1152 551 1193 ἀντειπόντας
571 1151 618 1191 ἂν
639 1153 672 1191 εἰ
694 1149 772 1202 μὴ]
793 1153 1086 1203 προαίσθοιντο,
1106 1151 1236 1197 λάθοι,
1259 1153 1295 1192 οἱ
1315 1151 1347 1191 δ’
1367 1151 1479 1191 οὐδὲν
1495 1168 1619 1203 προσ-

293 1218 454 1271 έχοντες
491 1219 701 1269 ἀναγνοῖεν
736 1218 795 1258 ἄν.
868 1219 975 1258 ἀλλὰ
1009 1218 1245 1270 γράψασθαι
1276 1218 1322 1268 νὴ
1354 1218 1423 1258 Δί’
1454 1219 1622 1258 ἕκαστον

293 1285 417 1330 ἔστιν,
448 1284 468 1324 ὃ
502 1286 608 1336 κάγὼ
642 1285 724 1324 νυνὶ
758 1286 965 1334 πεποίηκα·
1009 1285 1217 1330 κάνταῦθα,
1250 1285 1298 1325 ἂν
1324 1284 1537 1340 ἀπαλλάξῃ
1563 1301 1621 1326 τις

292 1352 360 1392 τὸν
399 1351 629 1397 ἐπιστάντα,
670 1352 691 1402 ἡ
733 1353 848 1393 πόλις
887 1351 1242 1402 παρακέκρουσται.
1314 1352 1371 1392 τίς
1414 1351 1482 1391 οὖν
1521 1353 1620 1401 μόνη

293 1418 451 1470 φυλακὴ
479 1419 540 1458 καὶ
566 1420 694 1458 δικαία
715 1418 777 1457 καὶ
803 1417 972 1467 βέβαιος
992 1421 1069 1458 τῶν
1090 1419 1239 1467 νόμων;
1275 1419 1384 1467 ὑμεῖς
1406 1420 1441 1458 οἱ
1462 1420 1619 1458 πολλοί·

292 1486 379 1526 οὔτε
413 1487 488 1537 γὰρ
512 1485 556 1524 τὸ
581 1489 730 1536 γνῶναι
756 1486 818 1525 καὶ
845 1484 1055 1535 δοκιμάσαι
1085 1485 1128 1524 τὸ
1163 1484 1382 1534 βέλτιστον
1413 1483 1621 1533 ἐξελέσθαι

292 1551 438 1592 δύναιτ’
467 1551 515 1592 ἂν
547 1553 653 1602 ὑμῶν
687 1552 776 1591 οὐδὲ
809 1552 877 1597 εἷς,
912 1551 990 1590 οὔτ’
1025 1550 1261 1601 ἀπαλλάξας
1296 1553 1358 1591 καὶ
1391 1553 1621 1602 διαφθείρας

292 1622 429 1659 πεῖσαι
461 1618 528 1658 τὸν
562 1619 681 1672 χείρω
715 1618 856 1658 θέσθαι
890 1619 1010 1668 νόμον
1045 1618 1131 1658 ἀντὶ
1165 1621 1232 1658 τοῦ
1266 1619 1496 1669 κρείττονος.
1558 1620 1621 1658 διὰ

294 1689 414 1725 ταῦτα
433 1684 546 1726 πάντ’
574 1685 638 1737 ἐφ’
658 1684 831 1734 ἑκάστην
858 1686 1013 1739 ἀπαντᾷ
1038 1685 1109 1734 τὴν
1135 1685 1226 1724 ὁδὸν
1251 1689 1330 1724 τῶν
1356 1684 1618 1735 ἀδικημάτων,

295 1753 456 1792 κωλύων
494 1752 556 1791 καὶ
592 1752 660 1792 οὐκ
696 1753 770 1792 ε’ὣν
807 1752 984 1802 βαδίζειν
1018 1752 1107 1792 τοὺς
1145 1752 1480 1801 ἐπιβουλεύοντας
1516 1753 1619 1801 ὑμῖν.

292 1822 413 1859 ταῦτα
438 1819 566 1859 πάντα
590 1818 850 1869 Τιμοκράτης,
878 1819 977 1857 οὕτω
1005 1821 1133 1859 καλῶς
1164 1819 1226 1858 καὶ
1260 1820 1416 1859 δικαίως
1448 1819 1618 1868 κείμενα,

292 1886 504 1938 ἠφάνισεν,
533 1884 761 1937 ἐξήλειψεν,
789 1887 886 1925 ὅσον
918 1884 964 1934 ἦν
995 1886 1058 1924 ἐπὶ
1092 1885 1228 1938 τούτῳ,
1258 1886 1319 1924 καὶ
1353 1886 1474 1935 νόμον
1509 1884 1617 1934 εἰσή-

293 1969 432 2004 νεγκεν
470 1952 618 1992 ἅπασιν
658 1953 847 1997 ἐναντίον,
889 1951 939 1992 ὡς
979 1952 1072 1993 ἔπος
1111 1953 1248 1997 εἰπεῖν,
1289 1955 1370 1993 τοῖς
1410 1951 1536 1997 οὖσιν,
1577 1951 1622 1991 οὐ

293 2019 580 2071 παραναγνούς,
608 2018 652 2058 οὐ
677 2019 816 2064 λύσας,
843 2018 887 2058 οὐ
913 2019 1002 2060 δοὺς
1029 2020 1195 2069 αἵρεσιν,
1223 2017 1289 2057 οὐκ
1320 2018 1423 2058 ἄλλο
1453 2017 1621 2068 ποιήσας

293 2087 407 2127 οὐδὲν
431 2089 508 2126 τῶν
533 2086 830 2138 προσηκόντων.

337 2206 356 2225 2
380 2195 466 2227 τινὲς
492 2200 567 2234 post
593 2195 646 2226 δύο
670 2195 747 2225 add.
774 2193 798 2224 S
824 2194 913 2233 vulg.
934 2206 939 2224 t
964 2204 1026 2225 om.
1046 2193 1161 2225 AYO
1294 2205 1315 2233 9
1340 2197 1417 2233 ὑμᾶς
1439 2197 1503 2226 τῶν
1520 2194 1622 2233 νόμων

295 2239 318 2270 S
337 2240 425 2278 vulg.
443 2250 449 2269 :
482 2242 547 2270 τῶν
569 2239 670 2270 ὄντων
693 2240 796 2277 νόμων
817 2240 893 2276 ὑμᾶς
912 2239 940 2268 Α
958 2250 964 2268 z
996 2242 1061 2269 τῶν
1084 2238 1187 2277 νόμων
1212 2240 1287 2276 ὑμᾶς
1308 2238 1405 2268 Blass
1584 2248 1621 2276 13

293 2282 387 2322 τάχ’]
420 2284 460 2314 ὡς
492 2282 567 2321 τάχ’
597 2281 712 2311 AYO
852 2292 887 2320 14
927 2283 969 2320 μὴ
1002 2282 1067 2311 del.
1103 2281 1230 2311 Reiske
1368 2291 1403 2319 15
1436 2280 1619 2321 ἀναγνοῖεν]

294 2327 443 2366 ἀγνοοῖεν
476 2325 626 2355 SAYO
816 2326 855 2354 16
890 2326 1038 2356 κάνταῦθ’
1072 2326 1108 2356 ἂν
1141 2325 1194 2354 A:
1234 2326 1292 2355 κὰν
1325 2325 1447 2355 ἐνταῦθ’
1483 2324 1528 2353 S:
1565 2325 1622 2354 κᾶν

295 2372 431 2400 ἐνταῦθα
457 2369 528 2399 YO
545 2368 568 2398 F
702 2381 750 2400 τις
778 2378 843 2398 om.
873 2368 935 2399 ΞΡ
1106 2378 1141 2406 17
1175 2369 1192 2405 ἡ
1220 2368 1301 2406 μόνη
1331 2367 1446 2397 AYO
1583 2367 1621 2396 18

295 2414 414 2448 βεβαία
446 2414 497 2443 καὶ
530 2413 648 2444 δίκαιος
677 2412 707 2441 Α
935 2422 971 2450 19
1005 2412 1141 2452 γνῶναι]
1172 2414 1290 2451 ’γνῶναι
1322 2413 1360 2442 τὸ
1392 2411 1513 2442 δίκαιον
1548 2409 1620 2439 YO

295 2456 475 2491 βέλτιστον
488 2458 490 2467 “
518 2459 650 2491 βέλτιον
676 2455 700 2485 F

1648 904 1683 925 10

1644 1568 1682 1589 20

1645 1900 1682 1931 ²5
