1737 2734
143 119 257 174 xxlv]
477 124 637 162 ΚΑΤΑ
684 123 1136 162 ΤΙΜΟΚΡΑΤΟὙΣ
1503 122 1615 179 [758]

143 231 268 267 κανῶν
294 227 513 279 ἁψόμενον,
543 228 604 268 καὶ
634 229 702 277 τῆς
731 230 828 278 πρὸς
858 227 948 268 τοὺς
978 226 1090 268 θεοὺς
1121 228 1348 277 ἐπιμελείας
1373 242 1467 279 προ-

142 294 292 344 στάτην
332 294 526 344 ἐσόμενον
568 293 658 346 οὐχὶ
695 297 836 333 τακτὸν
883 294 1037 346 ἡμερῶν
1073 294 1237 346 ἀριθμὸν
1275 293 1468 346 ἁγνεύειν,

141 362 247 401 ἀλλὰ
266 361 335 400 τὸν
353 363 448 410 βίον
466 360 698 412 ἡγνευκέναι
717 360 905 400 τοιούτων
927 360 1244 411 ἐπιτηδευμάτων
1264 361 1327 400 οἷα
1345 360 1468 414 τούτῳ

139 429 350 478 βεβίωται.

102 513 119 544 5
209 494 285 534 Καὶ
309 495 397 545 περὶ
422 496 494 544 μὲν
519 495 656 534 τούτου
684 496 780 534 κατὰ
807 493 979 547 σχολήν·
1017 495 1041 535 ἃ
1067 497 1107 534 δὲ
1127 493 1375 546 Τιμοκράτης
1400 497 1469 534 νῦν
1505 499 1568 542 187

139 563 233 612 ἐρεῖ,
260 563 394 601 πολλὰ
423 561 557 613 λέγειν
583 562 639 602 ἔτι
663 561 759 613 πρὸς
785 562 936 603 τούτοις
966 562 1070 614 ἔχων
1098 562 1314 611 παύσομαι.
1383 559 1470 601 οἶδα

139 627 173 666 δ’
200 629 272 673 ὅτι,
305 628 356 669 ὡς
384 630 456 678 μὲν
485 629 553 668 οὐκ
583 628 816 680 ἀσύμφορος
845 629 936 678 ὑμῖν
962 627 1047 667 ἐσθ’
1073 629 1094 667 ὁ
1124 628 1243 678 νόμος
1273 627 1335 667 καὶ
1364 629 1469 679 παρὰ

141 694 290 736 πάντας
319 694 410 736 τοὺς
443 695 588 745 νόμους
618 694 944 746 εἰσενηνεγμένος
975 695 1037 734 καὶ
1068 696 1165 734 κατὰ
1190 693 1303 734 πάντ’
1327 694 1470 736 ἀδίκως

139 761 256 814 ἔχων,
278 762 351 814 οὐχ
378 760 458 811 ἕξει
481 760 628 813 λέγειν·
667 761 794 801 ἀκούω
815 761 846 801 δ’
867 760 985 801 αὐτὸν
1003 760 1137 813 λέγειν
1158 761 1208 802 ὡς
1227 760 1471 801 ἐκτέτεισται

84 844 120 866 ιο
137 829 186 867 τὰ
213 827 382 881 χρήματ’
415 827 668 879 Ἀνδροτίωνι
702 828 764 867 καὶ
795 827 999 884 Γλαυκέτῃ
1030 828 1092 868 καὶ
1124 828 1375 882 Μελανώπῳ,
1408 828 1471 868 καὶ

138 895 199 934 ὅτι
230 894 421 934 δεινότατ’
452 894 500 934 ἂν
530 894 650 934 πάθοι
683 894 842 935 πάντων
871 895 1102 947 ἀνθρώπων,
1136 896 1169 934 εἰ
1199 895 1470 944 πεποιηκότων

139 962 301 1001 ἐκείνων
330 963 378 1000 τὰ
408 962 549 1006 δίκαια,
582 963 679 1013 ὑπὲρ
710 963 765 1002 ὧν
794 959 939 1013 [αὐτὸς]
971 962 1100 1002 αἰτίαν
1129 962 1213 1014 ἔχει
1246 964 1372 1001 θεῖναι
1400 961 1470 1001 τὸν
1501 962 1615 1016 [759]

139 1029 272 1078 νόμον,
307 1031 428 1078 μηδὲν
461 1028 580 1078 ἧττον
613 1028 728 1070 αὐτὸς
763 1029 983 1068 ἁλίσκοιτο.
1055 1030 1134 1080 ἐγὼ
1170 1031 1211 1069 δὲ
1244 1031 1312 1068 τὸν
1345 1028 1470 1080 λόγον
1503 1035 1568 1070 188

138 1095 306 1146 ἡγοῦμαι
324 1098 464 1135 τοῦτον
482 1095 571 1135 οὐδὲ
592 1094 676 1135 καθ’
697 1094 739 1135 ἓν
755 1094 890 1147 λέγειν
908 1096 1053 1135 ἐνεῖναι
1073 1095 1210 1149 τούτῳ.
1251 1096 1283 1135 εἰ
1302 1097 1374 1145 μὲν
1394 1097 1469 1147 γὰρ

84 1176 118 1208 15
138 1163 236 1214 ὑπὲρ
267 1162 429 1207 τούτων,
462 1161 528 1203 οὓς
559 1164 608 1202 τὰ
642 1161 895 1214 προσήκοντα
929 1163 1007 1218 φῂς
1041 1161 1309 1212 πεποιηκέναι,
1344 1164 1471 1202 θεῖναι

138 1232 207 1269 τὸν
239 1229 359 1279 νόμον
392 1229 612 1281 ὁμολογεῖς,
651 1228 732 1269 κατ’
767 1231 892 1269 ἐκεῖνο
929 1227 1118 1279 προσήκει
1156 1229 1194 1267 σ’
1229 1229 1469 1269 ἁλίσκεσθαι

139 1300 333 1347 φανερῶς,
366 1297 426 1336 ὅτι
454 1295 506 1346 μὴ
536 1295 685 1336 τιθέναι
715 1296 848 1347 νόμον,
876 1295 924 1336 ἂν
953 1295 1004 1345 μὴ
1031 1295 1099 1336 τὸν
1129 1296 1246 1336 αὐτὸν
1277 1296 1340 1335 ἐπὶ
1369 1298 1470 1336 πᾶσι

137 1366 220 1405 τοῖς
253 1364 446 1409 πολίταις,
481 1362 662 1414 ἄντικρυς
695 1364 732 1403 οἱ
766 1363 890 1414 κύριοι
927 1363 1039 1413 νόμοι
1071 1362 1250 1415 λέγουσι,
1286 1362 1370 1402 καθ’
1403 1362 1469 1404 οὓς

139 1430 247 1469 οὗτοι
275 1429 455 1470 δικάσειν
484 1430 750 1480 ὀμωμόκασιν.
828 1431 861 1470 εἰ
891 1431 933 1470 δὲ
962 1433 1030 1469 τοῦ
1060 1433 1161 1470 πᾶσι
1193 1429 1469 1481 συμφέροντος
1502 1433 1567 1477 189

81 1511 120 1533 20
139 1498 268 1537 εἵνεκα
297 1500 419 1537 ταῦτα
449 1499 716 1547 νομοθετῆσαι
742 1495 900 1549 φήσεις,
927 1496 980 1547 μὴ
1007 1496 1102 1549 λέγε
1127 1496 1198 1546 τὴν
1225 1496 1373 1536 ἔκτισιν
1397 1496 1469 1545 τὴν

137 1564 299 1604 τούτων·
336 1564 449 1604 οὐδὲν
482 1566 556 1615 γὰρ
591 1567 772 1604 κοινωνεῖ
801 1567 853 1618 τῷ
888 1564 993 1617 νόμῳ
1026 1566 1138 1618 τῷδε·
1176 1562 1268 1603 ἀλλ’
1299 1563 1349 1604 ὡς
1384 1564 1466 1603 ἐπι-

137 1629 290 1680 τήδειός
309 1631 419 1671 ἐστιν
441 1633 502 1671 καὶ
523 1634 652 1672 καλῶς
672 1631 777 1683 ἔχων
797 1631 817 1669 ὁ
838 1631 968 1681 νόμος,
990 1634 1105 1670 τοῦτο
1125 1631 1299 1670 δίδασκε.
1353 1633 1468 1670 τοῦτο

137 1696 211 1749 γάρ
233 1697 318 1737 ἐσθ’
338 1699 435 1749 ὑπὲρ
460 1698 505 1737 οὗ
531 1697 581 1737 σὺ
605 1700 678 1748 μὲν
699 1699 940 1749 εἰσενεγκεῖν
962 1699 1052 1753 φῄς,
1076 1698 1153 1749 ἐγὼ
1179 1699 1219 1737 δὲ
1245 1696 1469 1749 γέγραμμαι

135 1765 324 1804 τάναντία
350 1763 531 1816 φάσκων,
562 1767 688 1816 κρῖναι
713 1766 753 1804 δὲ
781 1763 973 1816 προσήκει
996 1766 1194 1804 τουτουσί.
1255 1763 1380 1803 καίτοι
1406 1763 1467 1803 καὶ

78 1844 114 1876 25
135 1831 240 1870 τοῦτ’
265 1831 333 1871 οὐκ
359 1830 598 1883 ἀπορήσαιμ’
625 1831 673 1871 ἂν
698 1830 835 1881 δεῖξαι,
862 1830 991 1871 πάντα
1022 1834 1180 1881 μᾶλλον
1206 1827 1228 1880 ἦ
1256 1832 1351 1870 κατὰ
1376 1830 1467 1872 τοὺς

136 1898 278 1948 νόμους
297 1898 582 1948 πεποιημένους
601 1897 671 1947 τὴν
691 1898 841 1938 ἔκτισιν
862 1898 1032 1939 ἐκείνους
1051 1896 1122 1947 τὴν
1141 1901 1220 1938 τῶν
1239 1896 1464 1949 χρημάτων·

135 1964 242 2004 ἀλλὰ
260 1964 314 2015 μὴ
330 1966 418 2017 περὶ
438 1966 588 2005 τούτων
608 1966 715 2015 ὑμῶν
734 1965 928 2004 οἰσόντων
947 1964 1020 2014 τὴν
1034 1967 1190 2016 ψῆφον,
1212 1965 1253 2004 τί
1269 1966 1328 2004 δεῖ
1345 1966 1466 2004 ταῦτα

133 2030 290 2082 λέγοντ’
317 2033 500 2084 ἐνοχλεῖν
525 2048 573 2082 με
598 2032 701 2076 νυνί,·

177 2152 196 2170 2
226 2141 348 2173 τακτὸν
372 2140 396 2171 S
421 2140 487 2172 al.:
518 2141 752 2183 προειρημένων
777 2140 912 2172 AYO:
946 2140 1181 2182 προειρημένων
1208 2142 1331 2172 τακτὸν
1359 2140 1394 2175 F,
1421 2139 1462 2170 cf.

134 2185 203 2214 xxii
223 2185 262 2222 78
417 2194 436 2223 3
461 2186 537 2216 ὅλον
555 2190 630 2224 post
646 2186 719 2222 βίον
736 2185 812 2215 add.
833 2185 921 2223 vulg.
942 2195 948 2214 :
973 2195 1038 2215 om.
1059 2185 1082 2215 S
1239 2194 1256 2222 5
1282 2183 1397 2215 τούτου
1416 2183 1439 2213 S
1456 2195 1462 2213 :

134 2228 256 2259 τούτων
273 2232 350 2258 cett.
457 2228 656 2269 Τιμοκράτης
675 2231 730 2260 νῦν
748 2231 815 2269 ἐρεῖ
830 2228 983 2258 Dobree:
1009 2227 1198 2269 Τιμοκράτει
1217 2230 1345 2268 συνερεῖ
1360 2227 1458 2258 codd.

135 2271 243 2301 Locus
260 2272 351 2301 varie
369 2272 570 2302 emendatus
587 2272 647 2302 sed
665 2272 773 2302 adhue
792 2272 942 2302 incertus
1113 2282 1151 2301 12
1176 2270 1319 2311 ἐκείνων]
1338 2270 1463 2302 τούτων

135 2314 169 2352 F,
189 2315 226 2345 cf.
250 2318 264 2352 §
287 2316 347 2354 189
452 2316 546 2347 αὐτὸς
563 2325 629 2346 om.
651 2315 864 2345 Minucianus
884 2315 949 2345 Rh.
968 2314 1024 2345 Gr.
1045 2325 1066 2343 v
1083 2316 1156 2353 581,
1178 2316 1239 2344 16:
1263 2314 1343 2346 secl.
1364 2313 1462 2344 Blass

136 2366 172 2395 14
207 2358 336 2397 311⁶?an
364 2358 442 2390 εῖναι
466 2358 582 2389 AYO
721 2367 758 2397 15
789 2359 852 2401 φῇς
876 2357 992 2396 vulg.:
1025 2359 1100 2397 φῆις
1124 2357 1172 2388 S:
1203 2358 1319 2398 φήσεις
1342 2356 1459 2387 AYO

134 2401 172 2430 18
197 2401 331 2441 λέγουσι
349 2402 437 2440 vulg.
459 2401 482 2431 S
501 2412 587 2432 corr.
609 2402 642 2432 in
660 2411 763 2441 marg.
783 2413 790 2432 z
815 2403 928 2442 ἄγουσι
947 2401 982 2437 S,
1001 2401 1042 2432 cf.
1063 2403 1078 2438 ξ
1100 2401 1161 2440 185
1279 2411 1320 2440 25
1345 2401 1460 2442 ἀπορή-

132 2456 246 2480 σαιμεν
263 2446 300 2477 ἂν
320 2445 343 2475 S
357 2445 381 2475 F
514 2446 557 2475 26
581 2445 734 2486 ἐκείνους]
754 2446 867 2477 αὐτοὺς
886 2445 922 2485 F,
941 2445 981 2476 cf.
1005 2448 1020 2482 ξ
1043 2444 1101 2483 187
