1737 2734
154 153 241 205 xxx]
576 154 739 191 ΚΑΤΑ
789 152 1058 190 ΜΕΙΔΙΟΎ*
1513 152 1632 207 [560]

1456 255 1475 272 ’ἴ

152 263 312 301 λεῖσθαι
349 259 492 310 νομίζω
528 259 634 311 παρὰ
670 259 821 300 τούτου·
861 260 967 299 ἀλλὰ
1003 260 1127 299 δεινοί
1159 256 1262 299 τινές
1299 259 1414 304 εἰσιν,
1452 276 1482 298 ω

153 328 290 380 ἄνδρες
311 326 527 375 Ἀθηναῖοι,
550 327 786 377 φθείρεσθαι
805 326 902 378 πρὸς
919 325 1009 368 τοὺς
1028 325 1244 367 πλουσίους
1265 325 1327 364 καὶ
1345 328 1480 376 παρεῖ-

153 411 218 434 ναι
242 394 303 434 καὶ
326 397 550 445 μαρτυρεῖν.
617 391 747 433 πάντα
772 395 813 433 δὲ
837 393 958 440 ταῦτ’,
980 392 1100 444 οἶμαι,
1128 391 1272 444 φοβέρ’
1294 392 1380 432 ἐστὶ
1405 395 1482 431 τῶν
1516 403 1583 436 140

153 461 289 501 ἄλλων
308 461 415 510 ὑμῶν
436 458 591 514 ἑκάστῳ
611 459 696 499 καθ’
717 459 856 500 ἑαυτὸν
874 460 981 501 ὅπως
1000 460 1161 500 δύναται
1183 459 1308 508 ζῶντι.
1363 457 1483 501 οὗπερ

114 545 131 575 5
153 529 283 568 εἵνεκα
321 525 567 578 συλλέγεσθ’
603 527 726 576 ὑμεῖς,
765 526 828 573 ἵν’,
865 527 920 566 ὧν
957 526 1040 566 καθ’
1077 525 1131 566 ἕν’
1169 525 1281 565 ἐστὶν
1318 525 1482 566 ἕκαστος

152 595 257 645 ὑμῶν
294 592 471 633 ἐλάττων
504 589 528 643 ἦ
561 594 696 644 φίλοις
733 589 755 642 ἢ
789 597 870 635 τοῖς
905 593 1017 633 οὖσιν
1050 589 1073 642 ἢ
1107 596 1183 632 τῶν
1219 591 1356 632 ἄλλων
1391 592 1480 637 τινί,

152 661 300 701 τούτων
343 659 610 711 συλλεγέντες
652 659 823 700 ἑκάστου
866 661 1062 711 κρείττους
1103 676 1145 699 τε
1182 659 1377 710 γίγνησθε
1421 659 1482 697 καὶ

154 728 301 777 παύητε
326 726 399 776 την
422 728 553 777 ὕβριν.

218 794 337 847 Τάχα
362 795 493 833 τοίνυν
519 793 582 833 καὶ
608 794 782 835 τοιοῦτός
807 810 865 835 τις
890 791 975 843 ἥξει
1005 792 1098 844 πρὸς
1130 794 1227 843 ὑμᾶς
1257 793 1391 843 λόγος,
1420 793 1488 831 ίτί
1517 804 1579 837 141

97 877 133 898 ιο
153 859 198 908 δὴ
228 862 276 900 τὰ
310 860 372 900 καὶ
404 862 452 899 τὰ
485 861 692 901 πεπονθὼς
722 861 742 899 ὁ
771 859 865 900 δεῖν’
895 861 963 900 οὐκ
997 858 1227 910 ἐλάμβανεν
1256 859 1365 908 δίκην
1395 857 1483 909 παρ’

154 928 265 976 ἐμοῦ;
284 926 293 941 ’
329 924 352 976 ἢ
380 930 389 943 ‘
406 927 447 966 τί
476 926 547 976 δὴ’
573 925 695 967 πάλιν
725 926 853 967 ἄλλον
884 928 982 967 ἴσως
1016 928 1105 966 τινὰ
1133 929 1211 966 τῶν
1239 923 1484 975 ἠδικημένων

155 993 370 1045 ὀνομάζων.
424 994 502 1045 ἐγὼ
527 995 569 1033 δὲ
595 993 643 1033 δι’
663 994 708 1035 ἃς
733 995 807 1044 μὲν
826 992 1051 1045 προφάσεις
1077 993 1246 1033 ἕκαστος
1264 992 1485 1044 ἀφίσταται

154 1063 223 1100 τοῦ
259 1063 425 1111 βοηθεῖν
462 1061 578 1114 αὑτῷ,
613 1060 763 1102 πάντας
799 1061 897 1111 ὑμᾶς
934 1059 1079 1100 εἰδέναι
1115 1059 1271 1109 νομίζω·
1310 1058 1374 1098 καὶ
1409 1059 1484 1110 γὰρ

155 1127 331 1180 ἀσχολία
362 1128 424 1167 καὶ
458 1128 745 1179 ἀπραγμοσύνη
778 1127 840 1166 καὶ
871 1126 916 1166 τὸ
949 1126 1001 1177 μὴ
1033 1126 1225 1166 δύνασθαι
1254 1124 1389 1176 λέγειν
1422 1125 1484 1164 καὶ

98 1209 132 1241 15
154 1194 299 1245 ἀπορία
331 1195 393 1234 καὶ
425 1193 532 1245 μυρί’
558 1194 670 1234 ἐστὶν
703 1195 820 1234 αἴτια·
858 1192 1074 1245 προσήκειν
1106 1191 1242 1243 μέντοι
1273 1192 1398 1245 τούτῳ
1431 1190 1483 1241 μὴ
1519 1202 1582 1236 142

154 1263 275 1300 ταῦτα
303 1260 438 1312 λέγειν
466 1261 637 1312 ἡγοῦμαι
666 1261 763 1306 νυνί,
790 1259 882 1300 ἀλλ’
909 1260 960 1302 ὡς
989 1259 1032 1299 οὐ
1063 1258 1253 1309 πεποίηκέ
1276 1275 1313 1298 τι
1337 1258 1484 1298 τούτων

155 1329 208 1368 ὧν
246 1327 365 1367 αὐτοῦ
402 1327 651 1378 κατηγόρηκα
687 1326 902 1372 διδάσκειν,
941 1328 1010 1366 ἐὰν
1046 1328 1087 1366 δὲ
1123 1325 1175 1376 μὴ
1213 1326 1384 1375 δύνηται,
1422 1326 1485 1364 διὰ

156 1394 262 1435 ταῦτ’
300 1393 555 1434 ἀπολωλέναι
592 1394 694 1434 πολὺ
732 1396 903 1444 μᾶλλον.
976 1394 1009 1433 εἰ
1045 1395 1119 1445 γὰρ
1156 1392 1386 1442 τηλικοῦτός
1427 1394 1485 1432 τίς

157 1464 267 1502 ἐστιν
293 1462 397 1501 ὥστε
427 1464 589 1501 τοιαῦτα
619 1464 742 1501 ποιῶν
768 1460 960 1500 δύνασθαι
992 1459 1075 1499 καθ’
1102 1458 1156 1499 ἕν’
1181 1459 1352 1499 ἕκαστον
1376 1458 1486 1508 ἡμῶν

99 1546 137 1567 20
157 1529 394 1579 ἀποστερεῖν
426 1531 494 1567 τοῦ
525 1528 635 1578 δίκης
667 1526 756 1579 παρ’
787 1527 906 1567 αὐτοῦ
937 1531 1085 1579 τυχεῖν,
1120 1531 1229 1582 κοινῇ
1263 1529 1343 1572 νῦν,
1378 1526 1482 1565 ἐπει-
1518 1521 1629 1576 [561]

158 1594 278 1648 δήπερ
310 1596 505 1644 εἴληπται,
541 1597 665 1635 πᾶσιν
697 1596 793 1646 ὑπὲρ
827 1593 1011 1634 ἁπάντων
1045 1593 1133 1633 ἐστὶ
1165 1590 1402 1645 τιμωρητέος
1437 1591 1487 1633 ὡς

160 1661 286 1703 κοινὸς
312 1661 453 1715 ἐχθρὸς
479 1667 526 1717 τῇ
550 1662 744 1715 πολιτείᾳ.

225 1728 394 1780 Λέγεται
419 1730 551 1768 τοίνυν
578 1728 663 1768 ποτ’
690 1730 732 1768 ἐν
756 1733 803 1785 τῇ
827 1729 944 1768 πόλει
970 1729 1067 1768 κατὰ
1091 1727 1161 1776 τὴν
1187 1728 1361 1767 παλαιὰν
1387 1726 1486 1765 ε’κεί-
1523 1738 1586 1773 143

160 1813 231 1846 νην
264 1795 512 1846 εὐδαιμονίαν
543 1794 805 1846 Ἀλκιβιάδης
834 1794 1034 1847 γενέσθαι,
1067 1792 1095 1849 ᾧ
1126 1793 1339 1845 σκέψασθε
1371 1794 1488 1832 τίνων

102 1881 139 1911 25
159 1863 418 1915 ὑπαρχόντων
444 1863 506 1902 καὶ
531 1863 653 1902 ποίων
679 1865 796 1902 τινῶν
815 1861 910 1913 πρὸς
935 1861 1004 1902 τὸν
1023 1863 1146 1911 δῆμον
1166 1864 1246 1901 πῶς
1274 1859 1489 1913 ἐχρήσανθ’

160 1931 268 1980 ὑμῶν
293 1931 330 1970 οἱ
354 1930 556 1982 πρόγονοι,
585 1928 717 1978 ἐπειδὴ
744 1927 938 1980 βδελυρὸς
969 1928 1032 1968 καὶ
1062 1926 1256 1980 ὑβριστὴς
1287 1926 1384 1981 ᾤετο
1409 1928 1490 1966 δεῖν

163 1996 275 2037 εἶναι.
347 1996 409 2036 καὶ
440 1996 507 2035 οὐκ
538 1995 751 2036 ἀπεικάσαι
782 1994 905 2045 δήπου
935 1996 1103 2035 Μειδίαν
1128 1993 1367 2049 Ἀλκιβιάδῃ
1392 1996 1487 2043 βου-

161 2064 330 2114 λόμενος
353 2063 493 2103 τούτου
520 2062 719 2113 μέμνημαι
744 2066 812 2102 τοῦ
835 2063 958 2114 λόγου
980 2061 1070 2114 (οὐχ
1100 2062 1221 2102 οὕτως
1252 2060 1326 2111 εἴμ’
1351 2059 1490 2111 ἄφρων

163 2130 243 2170 οὐδ’
264 2130 519 2180 ἀπόπληκτος
546 2128 649 2181 ἐγώ),
677 2129 769 2169 ἀλλ’
794 2128 843 2169 ἵν’
870 2128 988 2179 εἰδῆθ’
1009 2130 1130 2179 ὑμεῖς,
1159 2125 1188 2167 ὦ
1213 2127 1350 2178 ἄνδρες
1369 2126 1487 2176 Ἀθη-

103 2213 144 2244 30
163 2201 277 2243 ναῖοι,
311 2197 372 2237 καὶ
402 2196 521 2249 γνῶθ’
547 2197 607 2236 ὅτι
637 2196 748 2236 οὐδὲν
777 2195 857 2236 οὔτ’
883 2196 993 2236 ἔστιν
1024 2195 1102 2235 οὔτ’
1129 2195 1255 2239 ἔσται,
1288 2193 1332 2233 οὐ
1360 2192 1488 2246 γένος,

212 2308 250 2336 16
274 2319 306 2337 τι
323 2306 448 2337 τούτων
464 2304 523 2346 ὧν]
541 2303 634 2337 ταῦτ’
652 2304 702 2346 ἐφ’
721 2304 765 2337 οἷς
782 2304 813 2334 Α
828 2305 851 2335 F
867 2318 919 2346 γρ.
1075 2305 1113 2334 18
1137 2303 1266 2343 μᾶλλόν
1285 2305 1356 2334 ἐστι
1374 2303 1491 2335 δίκαιος

164 2350 196 2381 Α
209 2349 269 2380 FS
287 2359 371 2379 corr.
535 2358 574 2387 19
597 2349 686 2387 ἡμῶν
703 2349 841 2380 ἕκαστον
860 2348 885 2378 F
1039 2357 1080 2386 25
1105 2347 1217 2387 τινῶν]
1235 2349 1336 2386 τιμῶν
1353 2345 1383 2376 Α
1397 2345 1422 2375 F
1437 2359 1487 2386 γρ.

169 2396 206 2431 §fi
222 2393 370 2432 143—148
385 2392 512 2423 ‘obelis
527 2397 663 2423 notatae
676 2392 707 2422 in
725 2391 747 2421 S
762 2402 770 2429 3
795 2392 826 2422 in
846 2391 872 2421 B
887 2401 993 2430 usque
1007 2392 1048 2421 ad
1062 2390 1195 2423 κόπτειν
1207 2390 1349 2431 διαφέρει
1363 2394 1490 2420 tantum

168 2437 199 2477 (ξ
223 2436 294 2477 147)
315 2436 402 2467 obeli
421 2436 619 2475 pertinent:
646 2436 679 2466 in
699 2435 724 2465 F
740 2435 839 2466 etiam
856 2445 1005 2474 sequens
1023 2444 1142 2464 versus
1159 2438 1295 2464 notatus
1311 2432 1317 2444 '
1337 2432 1466 2471 (mass)
