1737 2734
125 153 246 207 xxm]
439 155 570 195 κη’
615 158 1130 196 ΑΡΙΣΤΟΚΡΑΤΟὙΣ
1488 159 1607 214 [636]

123 262 249 314 φόνον
280 262 342 302 καὶ
371 262 440 302 οὐκ
470 262 587 303 αὐτὸν
617 263 818 314 ἀγώγιμον
847 264 1032 315 οἴχεσθαι
1060 263 1255 313 λαβόντα,
1287 263 1349 303 καὶ
1380 265 1452 310 ὅτι,

122 330 191 368 ἐὰν
217 329 328 384 κατίῃ
353 345 411 370 τις
441 330 531 369 ὅποι
559 329 611 379 μὴ
641 328 787 380 ἔξεστι,
817 330 878 369 καὶ
909 328 1002 369 αὐτὸ
1031 333 1144 369 τοῦτο
1176 330 1352 376 δίδωσιν,
1380 330 1454 384 οὐχ

121 396 220 436 ὅπου
244 395 441 445 βούλεταί
463 413 533 437 τις.
589 396 656 435 οὐκ
681 395 814 446 ἔξεστι
839 398 879 436 δὲ
905 400 992 441 ποῖ,·
1033 395 1078 444 ἐξ
1099 395 1144 446 ἧς
1168 394 1217 436 ἂν
1242 397 1372 453 φεύγῃ
1397 413 1454 439 τις
1488 412 1530 448 52

121 463 288 504 πόλεως.
359 466 435 503 ποῦ
473 463 535 502 καὶ
572 463 730 514 σφόδρα
765 466 879 502 τοῦτο
916 465 1047 512 δηλοῖ;
1093 462 1185 503 (ἐάν
1221 480 1279 505 τις
1315 463 1454 519 κατίῃ’

83 547 99 577 5
121 529 236 579 φησί.
296 532 410 568 τοῦτο
436 528 469 568 δ’
490 529 557 568 οὐκ
583 529 667 569 ἔστ’
688 531 914 581 ἐπενεγκεῖν
938 529 1043 584 ἄλλῃ
1067 530 1182 569 πόλει
1208 529 1314 580 πλὴν
1338 529 1386 580 ἢν
1405 530 1454 571 ἂν

121 596 252 651 φεύγῃ
276 612 347 637 τις·
385 597 476 636 ὅθεν
501 598 576 648 γὰρ
605 595 693 646 μηδ’
721 595 911 646 ἐξέπεσέν
936 612 994 638 τις
1024 596 1095 645 τὴν
1125 595 1267 649 ἀρχήν,
1295 597 1363 637 οὐκ
1395 598 1454 638 ἔνι

120 661 244 712 δήπου
274 665 479 702 κατελθεῖν
512 664 566 703 εἰς
594 662 751 712 ταύτην.
824 664 843 701 ὁ
872 665 944 712 μὲν
972 664 1106 702 τοίνυν
1136 664 1256 713 νόμος
1286 663 1453 714 ἔνδειξιν

119 728 300 775 δέδωκεν,
339 730 401 769 καὶ
440 729 596 779 ταύτην,
637 729 711 769 (ἂν
750 730 861 785 κατίῃ
900 730 990 769 ὅποι
1031 728 1083 779 μὴ
1122 728 1306 780 ἕξεστιν·’
1354 731 1373 770 ὁ
1411 733 1451 771 δὲ

123 796 348 848 6ἀγώγιμος
381 795 507 836 ε”στω’
531 796 734 848 γέγραφεν
765 797 986 842 κάντεῦθεν,
1014 797 1104 836 ὅποι
1130 797 1295 848 φεύγειν
1323 798 1451 840 οὐδεὶς

62 878 99 899 ιο
119 863 262 902 κωλύει
286 863 417 913 νόμος.

233 928 325 943 1991

185 933 268 982 Λεγ
305 935 431 970 αλλον
458 947 478 970 ν
483 930 591 981 όμον.
1484 944 1525 979 53

707 1039 861 1067 ΝΟΜΟΣ.
1483 1025 1598 1078 [637]

169 1106 258 1145 Ἐάν
284 1124 337 1147 τις
362 1109 558 1157 ἀποκτείνῃ
583 1110 622 1145 ἐν
650 1107 779 1147 αθλοις
808 1124 915 1151 ακων,
946 1106 969 1156 ἢ
999 1110 1036 1145 ἐν
1065 1107 1135 1158 ὁδῳ
1165 1108 1331 1145 καθελὼν
1360 1107 1383 1157 ἠ
1413 1111 1450 1146 ἐν

114 1162 268 1212 πολέμῳ
298 1162 498 1213 ἀγνοήσας,
523 1161 546 1211 ἢ
571 1162 630 1199 ἐπὶ
657 1161 813 1210 δάμαρτι
843 1160 866 1210 ἦ
894 1162 953 1199 ἐπὶ
979 1179 1091 1211 μητρι
1118 1161 1141 1211 ἢ
1169 1161 1224 1199 ἐπ’
1251 1162 1445 1213 ἀδελφῇ
1426 1181 1449 1212 η

59 1230 93 1261 15
115 1215 175 1252 ἐπὶ
205 1215 410 1267 θυγατριη,
392 1234 414 1265 η
444 1216 502 1254 ἐπὶ
531 1217 714 1266 παλλακῇ
741 1215 786 1265 ὴν
816 1215 860 1253 ἂν
889 1215 945 1253 ἐπ’
974 1216 1179 1265 ἐλευθέροις
1209 1217 1340 1255 παισὶν
1369 1218 1447 1269 ἔχῃ,

113 1271 252 1308 τούτων
273 1271 377 1308 ἕνεκα
396 1288 448 1320 μη
469 1272 621 1322 φεύγειι
641 1271 838 1309 κτείναντα.

181 1400 370 1444 Πολλῶν,
408 1395 437 1437 ὦ
475 1397 612 1450 ἄνδρες
650 1398 866 1448 Ἀθηναῖοι,
906 1399 1038 1448 νόμων
1073 1400 1211 1444 ὄντων,
1251 1399 1342 1450 παρ’
1380 1400 1446 1441 οὓς

113 1466 263 1515 εἴρηται
286 1464 330 1504 τὸ
350 1463 560 1517 ψήφισμα,
582 1464 673 1516 παρ’
693 1464 832 1505 οὐδένα
856 1467 1014 1515 μᾶλλον
1038 1462 1060 1514 ἢ
1081 1467 1185 1517 παρὰ
1209 1469 1351 1505 τοῦτον
1375 1466 1446 1506 τὸν

112 1530 417 1582 ἀνεγνωσμένον
442 1535 511 1572 νῦν
537 1533 698 1584 εἴρηται.
769 1532 941 1573 διδόντος
966 1533 1040 1584 γὰρ
1065 1536 1132 1571 τοῦ
1156 1533 1277 1582 νόμον
1302 1537 1445 1584 σαφῶς

54 1619 92 1640 20
112 1599 258 1638 οὑτωσὶ
290 1598 351 1637 καὶ
378 1598 570 1650 λέγοντος
601 1598 665 1650 ἐφ’
693 1599 750 1640 οἷς
781 1598 925 1649 ἐξεῖναι
956 1602 1115 1644 κτεῖναι,
1148 1599 1259 1640 οὗτος
1288 1598 1444 1639 ἅπαντα

111 1667 270 1716 παρεῖδε
306 1668 440 1710 ταῦτα,
476 1665 539 1705 καὶ
572 1665 788 1718 γέγραφεν,
821 1665 934 1705 οὐδὲν
966 1666 1142 1705 ὑπειπὼν
1175 1669 1268 1711 πῶς,
1304 1665 1352 1705 ἄν
1384 1683 1443 1708 τις

111 1732 335 1787 ἀποκτείνῃ,
370 1731 442 1781 τὴν
474 1732 676 1783 τιμωρίαν.
749 1732 875 1771 καίτοι
909 1730 1110 1784 σκέψασθ’
1142 1732 1192 1773 ὡς
1224 1733 1343 1774 ὁσίως
1378 1734 1441 1773 καὶ
1474 1743 1517 1779 54

112 1801 240 1839 καλῶς
265 1798 416 1838 ἕκαστα
445 1802 592 1839 διεῖλεν
618 1799 638 1838 ὁ
663 1798 768 1838 ταῦτ’
795 1798 842 1849 ἐξ
863 1799 988 1851 ἀρχῆς
1018 1799 1170 1839 διελών.
1242 1798 1290 1839 ἄν
1315 1815 1373 1840 τις
1398 1801 1441 1839 ἐν

108 1863 246 1906 ἄθλοις
271 1865 481 1921 ἀποκτείνῃ
507 1864 607 1910 τινά,
634 1868 772 1905 τοῦτον
798 1866 944 1917 ὥρισεν
968 1865 1037 1904 οὐκ
1064 1866 1222 1905 ἀδικεῖν.
1294 1867 1357 1905 διὰ
1382 1868 1437 1912 τί,·

50 1951 63 1971 2
108 1931 153 1970 οὐ
177 1931 221 1971 τὸ
247 1933 409 1982 συμβὰν
435 1931 651 1983 ἐσκέψατο,
673 1933 780 1972 ἀλλὰ
805 1931 877 1982 τὴν
901 1935 970 1972 τοῦ
995 1933 1226 1983 δεδρακότος
1249 1931 1437 1972 διάνοιαν.

108 1997 196 2037 ἔστι
221 1997 253 2037 δ’
279 1999 374 2048 αὕτη
400 2000 477 2044 τίς,·
519 1999 644 2048 ζῶντα
670 2001 830 2048 νικῆσαι
855 1999 918 2038 καὶ
943 1998 1010 2038 οὐκ
1037 1999 1277 2038 ἀποκτεῖναι.
1345 2000 1378 2039 εἰ
1405 2000 1437 2038 δ’

108 2066 256 2106 ἐκεῖνος
281 2065 569 2117 ἀσθενέστερος
595 2064 643 2115 ἦν
667 2065 736 2106 τὸν
755 2067 852 2118 ὑπὲρ
872 2068 941 2116 τῆς
966 2066 1074 2115 νίκης
1099 2067 1275 2117 ἐνεγκεῖν
1301 2066 1434 2110 πόνον,

106 2133 228 2186 ἑαυτῷ
255 2135 323 2171 τοῦ
347 2131 496 2174 πάθους
525 2134 651 2172 αἴτιον
675 2131 868 2184 ἡγήσατο,
896 2132 956 2172 διὸ
981 2133 1169 2183 τιμωρίαν
1194 2131 1261 2171 οὐκ
1293 2132 1436 2172 ἔδωκεν

103 2199 202 2249 ὑπὲρ
227 2198 356 2238 αὐτοῦ.
416 2198 539 2239 πάλιν
561 2199 630 2239 ίἂν
657 2201 699 2239 ἐν
725 2198 885 2253 πολέμῳ
904 2198 913 2212 ’
940 2199 1068 2251 φησὶν
1095 2197 1346 2250 “ἀγνοήσας,’
1373 2199 1435 2238 καὶ
1468 2210 1506 2246 55

147 2317 166 2345 3
192 2308 269 2339 ὅπου
286 2308 377 2339 Weil
394 2320 400 2339 :
425 2309 496 2340 ὅποι
516 2308 539 2340 S
558 2309 648 2348 vulg.
667 2321 673 2339 ;
699 2310 759 2346 ὅπη
780 2309 883 2340 Paris.
904 2309 996 2340 Cois.
1013 2318 1079 2348 339
1197 2319 1216 2347 5
1242 2309 1434 2348 ἀπενεγκεῖν

103 2350 134 2379 Α
224 2357 301 2391 post
319 2352 412 2384 πόλει
429 2352 506 2382 add.
525 2355 666 2392 τοῦνομα
683 2352 707 2383 S
725 2363 766 2383 m.
788 2363 853 2383 rec.
876 2353 902 2383 F
916 2366 966 2394 γρ.
1085 2362 1121 2390 14
1147 2353 1166 2390 ἢ
1185 2352 1236 2383 ἐπὶ
1251 2353 1347 2393 μητρὶ
1366 2362 1431 2382 om.

105 2393 128 2424 S
146 2394 238 2425 solus
394 2406 431 2426 21
460 2399 524 2428 πῶς
541 2395 571 2425 Α
593 2396 714 2433 1Β1355,
735 2401 861 2426 mutata
879 2397 1155 2435 interpunctione
1173 2401 1207 2426 et
1224 2396 1298 2425 coll.
1319 2399 1333 2432 ς’
1351 2395 1429 2435 85):

103 2438 184 2470 ὅπως
203 2438 226 2469 S
243 2437 333 2477 vulg.
471 2439 512 2469 28
536 2444 614 2470 ante
632 2441 734 2481 ἑαυτῷ
751 2440 830 2470 add.
849 2441 945 2472 αὐτὸν
961 2439 1002 2470 al.
1020 2454 1026 2470 z
1053 2449 1119 2471 om·
1138 2438 1162 2470 S
1176 2438 1242 2468 FA
1255 2438 1284 2468 Y
1298 2438 1328 2469 O

1240 2493 1298 2523 11*
