1737 2734
124 709 234 743 Vind.

388 137 717 180 CODICVM
774 135 1207 178 CATALOGVS

319 245 441 280 Huius
463 245 603 280 codicis
623 251 749 289 partes
766 242 1004 289 antiquiores,
1022 242 1215 278 contiones
1233 241 1464 288 praesertim,

270 304 439 339 Parisino
464 305 488 339 S
513 303 733 338 simillimae.
782 303 944 345 Schultz,
969 302 1032 347 qui
1051 301 1191 346 primus
1208 312 1294 336 eum
1313 300 1463 335 investi-

265 362 364 406 gavit
385 363 444 405 (de
460 362 650 397 codicibus
664 361 895 407 Quibusdam
909 361 963 394 ad
973 360 1190 395 Orationem
1208 359 1464 404 Plcilzjfipz'cum

273 420 443 456 Tertiam
465 422 632 456 nondum
653 419 844 462 adhibitis,
868 417 1061 461 Berolini)‚
1084 430 1161 453 non
1183 429 1229 452 ex
1252 418 1278 452 S
1301 418 1465 462 pendere

268 479 424 522 censuit,
443 479 510 513 sed
528 490 573 514 ex
590 478 723 512 eodem
740 485 852 523 atque
869 478 894 512 S
910 477 1114 521 archetypo
1131 476 1340 510 derivatum
1358 487 1440 510 esse
1455 488 1462 518 3

267 536 381 572 ceteri
399 537 536 572 deinde
553 535 744 581 suffragati
760 543 843 571 sunt
859 548 866 578 ;
895 535 963 569 sed
981 536 1066 570 vide
1085 535 1132 569 de
1151 534 1195 568 iis
1212 546 1308 580 quae
1322 535 1463 578 gravis-

267 594 361 629 sime
394 596 545 641 Drerup
572 594 778 641 disputavit
812 594 971 637 (Antike
1002 592 1463 638 Demosthenesausgaben,

268 652 428 698 Leipzig,
451 652 576 698 1899).

273 718 302 743 1.
372 711 661 745 Vz'ncz'obonensis
693 718 749 754 70,
782 708 970 744 chartacei
1000 720 1087 754 pars
1116 708 1251 754 prima,
1281 719 1377 743 saec.
1405 721 1462 743 xv.

267 767 423 803 Parisini
453 770 492 811 S,
521 776 559 803 ut
588 769 745 811 videtur,
772 768 1022 813 apographus.
1078 767 1254 802 Continet
1278 766 1463 802 orationes

263 825 283 866 i,
305 826 354 870 iii,
374 826 408 869 ii,
430 826 477 870 iv,
497 827 546 870 vi,
567 827 612 869 ix,
632 839 664 869 x,
683 839 717 867 ν,
737 827 810 869 viii,
829 827 891 869 vii,
910 826 958 868 xi,
976 825 1035 866 xii,
1054 825 1129 869 xiii,
1146 826 1219 869 xiv,
1236 836 1294 860 xv.

550 943 768 983 FAMILIA
802 942 1041 984 SECVNDA

122 1031 156 1064 A
190 1031 246 1065 vel
282 1033 376 1076 Aug.
409 1033 438 1066 I.
502 1034 758 1078 Augustanus
791 1032 945 1078 primus,
978 1043 1077 1066 nunc
1113 1030 1351 1065 Monacensis
1382 1031 1462 1074 485,

265 1091 588 1134 membranaceus,
608 1104 704 1126 saec.
724 1104 755 1126 x.
795 1090 970 1126 Continet
988 1090 1176 1125 orationes
1195 1089 1462 1135 quinquaginta

264 1155 437 1193 quattuor
455 1150 526 1183 hoc
545 1149 676 1183 ordine
702 1150 927 1190 conlocatas,
946 1148 993 1190 iv,
1016 1149 1024 1182 i
1044 1148 1108 1193 (ab
1133 1148 1239 1182 initio
1260 1152 1462 1189 mancam),

264 1205 301 1247 ii,
336 1205 372 1240 iii
409 1205 460 1250 (iii
492 1219 576 1241 cum
606 1207 752 1241 Libanii
780 1214 1011 1251 argumento,
1037 1214 1233 1251 utramque
1261 1204 1461 1248 mancam),

263 1277 285 1298 v
305 1265 405 1309 (cum
423 1265 614 1311 Anonymi
641 1266 971 1310 argumento)—ix,
992 1266 1040 1309 xi,
1063 1278 1084 1300 x
1107 1265 1158 1309 (xi
1180 1272 1216 1299 et
1233 1277 1256 1298 x
1273 1276 1357 1298 cum
1374 1264 1461 1298 trai-

263 1322 383 1356 ciendi
403 1323 549 1367 signis),
568 1323 651 1364 xxii,
673 1324 742 1367 xxi,
761 1324 860 1366 xxiii,
878 1324 979 1366 xviii,
998 1324 1068 1365 xix,
1087 1323 1182 1366 xxiv,
1200 1334 1352 1365 xx‚xxv‚
1366 1322 1460 1364 xxvi,

263 1380 326 1423 liv,
344 1381 392 1423 lv,
411 1381 524 1425 xlviii,
541 1381 605 1422 lvi,
621 1382 730 1424 xxvii,
748 1382 869 1423 mcviii,
889 1382 973 1418 xxix
997 1382 1049 1425 (in
1068 1383 1140 1416 fine
1161 1388 1364 1424 mancam),
1381 1393 1458 1423 xxx,

262 1439 354 1482 xxxi,
371 1439 502 1483 xxxvii,
519 1452 624 1484 xxxv,
638 1440 782 1483 xxxviii,
799 1439 1286 1484 xxxiv‚xxxii‚xxxvi‚xxxiii,
1300 1439 1372 1482 xiii,
1388 1438 1457 1480 xiv,

259 1497 330 1541 xvi,
351 1509 408 1541 XV,
431 1497 532 1541 xviii⁷
558 1497 581 1532 li
611 1498 708 1543 (post
734 1497 746 1531 l
771 1498 967 1543 repetitam
990 1510 1035 1532 ex
1056 1498 1130 1532 alio
1149 1504 1187 1531 et
1205 1497 1459 1531 emendatiore

261 1554 420 1599 codice),
439 1555 525 1599 xliii,
544 1555 630 1600 xliv,
658 1555 774 1598 xxxix,
802 1556 837 1589 xl
861 1556 984 1599 (deest
1005 1566 1143 1600 magna
1165 1555 1278 1599 pars),
1298 1554 1357 1597 xli,
1377 1554 1457 1595 xlix,

260 1612 319 1656 liii,
349 1613 420 1656 xlii,
448 1614 471 1657 l,
497 1613 531 1656 li,
556 1613 631 1657 lvii,
655 1613 745 1656 lviii,
766 1613 853 1648 xlvii
880 1613 1109 1657 (mutilam):
1142 1613 1274 1647 desunt
1299 1613 1358 1655 xii,
1386 1614 1455 1655 xlv,

261 1671 346 1714 xlvi,
379 1671 465 1705 xlvii
499 1671 600 1717 (pars
629 1672 820 1716 maxima),
857 1672 906 1717 lii,
937 1673 998 1716 lix,
1027 1673 1074 1716 lx,
1108 1671 1167 1716 lxi,
1201 1671 1396 1706 Prooemia
1422 1679 1457 1705 et

264 1729 468 1773 Epistulae.

317 1788 414 1822 Suae
445 1788 506 1821 hic
533 1787 697 1822 familiae
727 1788 845 1822 codex
870 1795 925 1823 est
951 1789 1147 1833 princeps3
1178 1786 1457 1832 interpolatione

259 1855 334 1878 non
368 1852 469 1879 caret
499 1846 660 1891 quidem,
694 1847 859 1881 medium
887 1854 1014 1881 tamen
1045 1847 1185 1891 aliquid
1213 1846 1309 1880 inter
1335 1847 1393 1881 SL
1421 1853 1456 1880 et

263 1903 467 1938 deteriores
490 1904 601 1939 libros
626 1905 790 1948 praebet.
843 1905 954 1938 Varie
976 1905 1024 1938 de
1047 1916 1093 1938 eo
1114 1903 1368 1938 iudicaverunt
1389 1902 1455 1937 viri

263 1961 363 1994 docti
376 1973 383 2001 ;
402 1962 726 2006 acquiescendum,
740 1961 881 2007 opinor,
897 1962 932 1996 in
945 1963 1064 1996 Andr.
1076 1962 1261 2008 Spengelii
1275 1962 1456 1997 sententia

262 2018 335 2063 qui,
358 2019 578 2053 lectionibus
603 2031 698 2064 quas
726 2020 763 2054 in
793 2021 1029 2054 contionibus
1052 2021 1174 2066 prima
1197 2032 1331 2055 manus
1352 2020 1455 2054 dedit

261 2078 471 2111 accuratius
490 2077 666 2121 excussis,
687 2079 871 2113 secundas
893 2078 928 2113 ei
950 2085 1035 2123 post
1058 2079 1121 2113 SL
1137 2078 1356 2113 deferendas
1374 2089 1454 2112 esse

262 2135 510 2170 confirmavit.
561 2136 571 2176 <
584 2125 682 2171 Uber
697 2137 760 2170 die
784 2137 1047 2181 Handsclzrist
1062 2136 1138 2171 cod.
1159 2137 1410 2181 Augustanus
1434 2137 1461 2170 I

262 2193 424 2236 Aleuae„
447 2194 651 2238 Miinchen,
674 2193 794 2239 1872.)
831 2196 1091 2230 Correctorum
1110 2194 1328 2236 doctiorum,
1347 2201 1384 2228 ut
1403 2194 1452 2228 ait

263 2250 435 2294 Dindorf,
458 2252 606 2296 saepius
625 2264 758 2287 manus
777 2253 910 2297 prodit.
963 2254 1047 2287 Hoc
1068 2253 1307 2287 fundamento
1329 2252 1454 2286 nititur

262 2307 375 2341 editio
394 2308 610 2343 Reiskiana.

309 2365 489 2401 Eiusdem
507 2367 668 2402 familiae
686 2373 832 2412 praeter
849 2367 940 2402 alios
960 2375 1092 2402 sunt—

765 2438 811 2459 vu
