1737 2734
83 174 198 229 [503]

137 431 199 467 152

136 1423 202 1458 154

84 1543 200 1597 [504]

137 2158 196 2193 Ι55

652 174 1141 212 ΔΗΜΟΣΘΕΝΟΎΣ
1490 169 1558 222 [xx

232 279 307 329 γὰρ
323 278 533 327 βελτίονος
551 278 689 328 ἀνδρός
707 278 818 316 ἐστιν
839 276 904 327 ἐφ’
926 276 983 317 οῖς
1004 275 1118 318 αὐτὸς
1138 276 1179 316 εὖ
1194 278 1407 326 πεποίηκεν
1427 275 1560 326 ἀξιοῦν

231 346 421 394 τιμᾶσθαι
450 341 472 393 ἦ
503 343 568 395 ἐφ’
598 344 655 384 οῖς
686 344 811 393 ἕτεροι
840 341 1079 391 ποιήσαντες
1109 342 1352 392 ἐτιμήθησαν
1379 346 1557 394 φθονεῖν.

232 409 252 448 ὃ
278 412 318 450 δὲ
344 410 389 459 δὴ
415 410 606 461 μέγιστον
631 408 816 448 ἁπάντων
842 409 903 448 καὶ
930 408 1060 448 κοινὸν
1084 408 1253 462 ὑπάρχει
1279 411 1374 449 κατὰ
1401 409 1558 451 πάντων

231 480 309 516 τῶν
334 478 542 516 συνδίκων·
580 476 730 515 τούτων
756 475 950 516 πολλάκις
980 476 1035 516 εἷς
1065 476 1233 517 ἕκαστος
1258 477 1451 527 πρότερόν
1476 493 1559 516 τισι

232 542 438 594 πράγμασι
468 542 650 583 σύνδικος
674 542 852 593 γέγονεν.
924 543 1011 582 ἔστι
1036 543 1077 582 δὲ
1104 543 1165 582 καὶ
1189 541 1283 592 μάλ’
1310 542 1414 595 ἔχων
1441 544 1558 592 νόμος
1579 561 1597 592 5

230 610 321 658 ὑμῖν
348 613 487 655 καλῶς,
516 609 583 648 οὐκ
614 609 678 649 ἐπὶ
707 609 859 650 τούτοις
887 610 1026 653 τεθείς,
1055 608 1148 648 ἀλλ’
1175 610 1238 648 ἵνα
1262 608 1313 658 μὴ
1341 608 1385 648 τὸ
1409 609 1556 660 πρᾶγμ’

230 676 366 727 ὥσπερ
392 677 560 727 ἐργασία
585 676 691 715 τισὶν
715 674 739 731 ᾗ
766 676 827 715 καὶ
854 676 1115 727 συκοφαντία,
1142 675 1195 724 μὴ
1222 674 1366 725 ἐξεῖναι
1391 676 1465 715 ὑπὸ
1490 679 1559 716 τοῦ

231 741 353 791 δήμου
378 742 704 794 χειροτοιιᾞθέντα
734 745 849 782 πλεῖν
880 739 902 790 ἦ
935 739 1044 790 ἅπαξ
1071 744 1319 791 συνδικῆσαι.
1392 742 1480 783 τοὺς
1511 742 1556 791 δὴ

231 812 489 859 συνεροῦντας
513 810 619 863 νόμῳ
648 809 709 848 καὶ
735 808 965 859 διδάξοντας
991 809 1089 858 ὑμᾶς
1109 808 1160 849 ὡς
1185 807 1405 857 ἐπιτήδειός
1431 810 1555 854 ἐστιν,

230 875 369 916 αὐτοὺς
388 879 470 917 τοῖς
494 875 718 927 ὑπάρχουσι
743 876 878 925 νόμοις
903 878 962 914 δεῖ
981 874 1236 924 πειθομένους
1257 875 1485 926 φαίνεσθαι·
1525 876 1557 915 εἰ
1583 893 1619 915 10

229 944 271 982 δὲ
295 942 361 992 μή,
390 946 548 993 γελοῖον
575 943 680 996 νόμῳ
709 944 782 991 μὲν
815 944 1028 987 συνδικεῖν,
1057 942 1178 991 νόμον
1203 941 1235 980 δ’
1267 941 1406 983 αὐτοὺς
1431 959 1556 993 παρα-

229 1009 387 1058 βαίνειν
406 1010 552 1060 ἕτερον.
608 1008 807 1060 ἀνάγνωθι
826 1008 967 1058 λαβὼν
987 1007 1054 1048 τὸν
1070 1008 1192 1058 νόμον
1211 1007 1341 1050 αὐτοῖς
1361 1007 1405 1048 ὃν
1425 1007 1543 1060 λέγω.

818 1133 974 1161 ΝΟΜΟΣ.

297 1207 439 1253 Οὗτος,
467 1205 496 1246 ὦ
520 1207 658 1259 ἄνδρες
683 1207 897 1257 Ἀθηναῖοι,
918 1208 980 1246 καὶ
1007 1207 1174 1248 παλαιός
1201 1206 1286 1246 ἐσθ’
1311 1208 1331 1246 ό
1355 1208 1473 1257 νόμος
1500 1209 1562 1248 καὶ

233 1278 360 1315 καλῶς
397 1275 514 1327 ἔχων,
551 1274 596 1314 ὃν
632 1275 701 1314 ἐὰν
738 1277 982 1326 σωφρονῶσι
1019 1272 1264 1324 φυλάξονται
1298 1276 1561 1324 παραβαίνειν
1584 1292 1619 1324 15

232 1341 352 1380 οὗτοι.

300 1407 407 1458 Ἐγὼ
433 1410 452 1446 ὀ
491 1408 548 1447 ἔτι
573 1409 690 1458 μικρὰ
715 1407 810 1458 πρὸς
835 1407 934 1456 ὑμᾶς
959 1407 1081 1446 εἰπὼν
1107 1405 1401 1457 καταβήσομαι.
1473 1409 1561 1448 ἔστι

234 1473 321 1525 γάρ,
349 1473 378 1513 ὦ
409 1473 548 1525 ἄνδρες
573 1474 789 1523 Ἀθηναῖοι,
822 1472 972 1514 πάντας
1003 1475 1076 1523 μὲν
1100 1473 1189 1515 τοὺς
1215 1474 1356 1523 νόμους
1380 1474 1482 1523 ὑμῖν,
1510 1475 1561 1516 ὡς

233 1541 312 1592 ἐγὼ
345 1541 503 1590 νομίζω,
540 1540 819 1580 σπουδαστέον
852 1540 903 1581 ὡς
937 1539 1121 1580 κάλλιστ’
1155 1541 1276 1593 ἔχειν,
1306 1540 1484 1590 μάλιστα
1518 1544 1558 1582 δὲ

231 1607 393 1648 τούτους
422 1606 470 1646 δι’
501 1608 555 1647 ὧν
589 1604 610 1656 ἢ
636 1609 777 1658 μικρὰν
811 1604 833 1655 ἢ
862 1606 1043 1658 μεγάλην
1075 1606 1159 1646 ἔστ’
1194 1606 1293 1646 εῖναι
1324 1607 1395 1656 τὴν
1426 1609 1556 1648 πόλιν.
1583 1626 1621 1647 20

232 1674 312 1714 εἰσὶ
337 1673 368 1713 δ’
395 1673 502 1713 οὗτοι
526 1675 648 1719 τίνες;
687 1675 727 1713 οἵ
749 1690 789 1713 τε
815 1677 898 1714 τοῖς
927 1673 1078 1725 ἀγαθόν
1103 1690 1140 1713 τι
1165 1677 1322 1713 ποιοῦσι
1348 1676 1417 1715 τὰς
1442 1677 1556 1725 τιμὰς

231 1741 405 1782 διδόντες
436 1742 497 1780 καὶ
524 1743 558 1780 οἱ
588 1745 669 1782 τοῖς
694 1741 883 1780 τάναντία
915 1739 1132 1791 πράττουσι
1157 1742 1226 1781 τὰς
1256 1742 1454 1791 τιμωρίας.
1526 1742 1559 1782 εἰ

231 1810 306 1858 γὰρ
332 1806 504 1849 ἅπαντες
535 1807 584 1849 ὡς
615 1808 771 1856 ἀληθῶς
796 1808 865 1847 τὰς
894 1807 937 1846 ἐν
967 1810 1049 1848 τοῖς
1078 1807 1212 1856 νόμοις
1244 1807 1378 1856 ζημίας
1403 1809 1555 1858 φοβού-

229 1891 342 1924 μενοι
366 1878 433 1913 τοῦ
454 1875 572 1914 κακόν
597 1891 633 1914 τι
653 1877 778 1913 ποιεῖν
798 1874 1028 1918 ἀποσταῖεν,
1053 1875 1114 1913 καὶ
1135 1872 1276 1915 πάντες
1297 1875 1365 1915 τὰς
1386 1875 1449 1914 ἐπὶ
1474 1878 1558 1916 ταῖς

231 1942 475 1993 εὐεργεσίαις
501 1943 663 1992 δωρειὰς
682 1941 930 1990 ζηλώσαντες
954 1941 978 1980 ὃ.
1003 1940 1078 1992 χρὴ
1100 1939 1285 1991 πράττειν
1310 1940 1555 1991 προέλοιντο,
1581 1958 1617 1990 25

229 2009 270 2048 τί
292 2008 434 2048 κωλύει
453 2009 646 2060 μεγίστην
667 2008 767 2048 εἶναι
792 2007 863 2056 τὴν
889 2007 1005 2047 πόλιν
1027 2008 1089 2047 καὶ
1110 2007 1258 2048 πάντας
1277 2007 1474 2060 χρηστοὺς
1496 2009 1558 2048 καὶ

230 2074 363 2124 μηδέν’
390 2075 490 2114 εῖναι
514 2075 705 2126 πονηρόν,·

296 2141 344 2181 ‘0
376 2143 506 2182 τοίνυν
534 2142 654 2191 νόμος
687 2141 797 2182 οὗτος
828 2141 848 2180 ὁ
880 2141 1089 2185 Λεπτίνου,
1123 2140 1166 2179 οὐ
1195 2141 1328 2190 μόνον,
1361 2138 1390 2180 ὦ
1419 2141 1556 2192 ἄνδρες

230 2207 445 2258 Ἀθηναῖοι,
473 2208 576 2247 τοῦτ’
601 2209 737 2253 ἀδικεῖ,
765 2209 826 2247 ὅτι
855 2209 923 2248 τὰς
953 2209 1066 2257 τιμὰς
1096 2208 1267 2258 ἀναιρῶν
1296 2210 1373 2246 τῶν
1399 2208 1553 2258 εὐεργε-

230 2279 330 2314 σιῶν
356 2276 516 2328 ἀχρεῖον
541 2275 612 2324 τὴν
633 2276 845 2315 ἐπιείκειαν
864 2278 944 2315 τοῖς
971 2277 1270 2325 φιλοτιμεῖσθαι
1295 2274 1556 2323 βουλομένοις
1577 2291 1616 2322 30

273 2394 290 2422 7
316 2384 586 2424 χειροτονηθέντα
603 2386 662 2416 ὑπὸ
679 2386 737 2415 τοῦ
754 2385 854 2423 δήμου
870 2383 900 2413 Α
914 2383 981 2413 FX
1094 2384 1113 2413 8
1138 2386 1233 2414 πλεῖν
1252 2383 1416 2414 Dindorf:
1442 2387 1555 2416 πλεῖον

229 2428 252 2457 S
267 2427 291 2457 L
305 2427 332 2457 Y
346 2428 375 2457 O
392 2428 438 2458 P:
462 2428 563 2459 πλέον
583 2428 683 2467 vulg„
703 2428 743 2458 cs.
765 2431 778 2465 ξ
800 2437 838 2466 77
917 2428 954 2465 δὴ
973 2426 996 2457 S
1010 2426 1038 2456 Y
1051 2426 1102 2457 O:
1129 2427 1162 2458 δὲ
1184 2427 1208 2457 L
1225 2427 1313 2465 vulg.
1404 2438 1446 2466 29
1471 2430 1553 2469 εὐερ-

226 2475 333 2510 γετῶν
351 2471 470 2501 FX11,
487 2482 583 2502 corr..
604 2472 644 2502 cs.
669 2475 683 2508 ς
706 2481 766 2510 143
