1737 2734
133 118 241 172 xxn]
485 119 615 160 KAT’
657 122 1111 160 ΑΝΔΡΟΤΙΩΝΟΣ
1492 121 1603 176 [616]

130 226 221 276 ὑμῖν
246 225 267 264 ὁ
292 224 435 277 πόρνος
460 224 585 271 οὗτος,
614 228 624 242 ‘
640 224 922 276 Ἀνδροτίωνος
948 224 1257 275 ἐπιμελουμένου
1273 224 1282 237 '
1308 221 1455 276 [ἐποιή-

131 289 273 344 θησαν]
293 291 592 343 ἐπιγέγραπται·
632 291 693 332 καὶ
713 291 757 331 οὗ
782 291 826 331 τὸ
846 291 948 342 σῶμ’
967 292 1224 343 ἡταιρηκότος
1243 292 1311 332 οὐκ
1337 293 1457 332 ἐῶσιν

130 360 167 399 οἱ
192 359 305 410 νόμοι
324 359 378 400 εἰς
398 360 447 398 τὰ
472 358 541 410 ἱέρ’
561 358 739 404 εἰσιέναι,
761 358 899 398 τούτου
919 358 1076 409 τοῦνομ’
1098 360 1139 399 ἐν
1155 363 1236 400 τοῖς
1257 360 1373 409 ἱεροῖς
1393 359 1458 398 ἐπὶ

129 429 208 466 τῶν
232 428 390 478 φιαλῶν
415 425 687 477 γεγραμμένον
713 426 837 465 ἐστίν.
896 426 1033 476 ὅμοιόν
1058 442 1116 477 γε,
1142 426 1187 465 οὐ
1212 425 1305 477 γάρ,·
1343 429 1457 465 τοῦτο

90 507 107 537 5
128 495 210 534 τοῖς
235 491 439 544 προτέροις
463 491 772 544 επιγράμμασιν,
799 509 822 541 η
854 493 1087 544 φιλοτιμιαν
1116 494 1209 541 ἴσην
1233 492 1328 545 ἕχον
1352 493 1454 542 ὑμῖν.

129 550 229 604 [Τρία
247 569 369 590 Τοίνυν
388 555 427 590 ἐκ
447 554 578 591 Τούτου
597 554 642 590 Τὰ
663 551 836 590 δείνΟΤαΤ,
856 553 900 590 ἅν
919 569 972 592 Τίς
993 552 1061 590 [SOL
1079 551 1306 604 πεπραγμέν
1321 554 1454 592 αὐτοῖς·
1486 558 1530 593 74

126 607 194 655 τὴν
218 608 285 655 μὲν
311 608 383 658 γὰρ
411 607 494 645 θεὸν
516 607 599 646 τοὺς
619 608 829 654 στεφάνους
854 608 1125 655 σεσυληκασιν·
1160 609 1225 656 τῆς
1250 608 1392 646 πόλεως
1418 607 1455 645 δὲ

126 662 191 699 τὸν
209 662 325 710 ζῆλον
344 662 550 710 ἠφανικασι
569 662 634 699 τὸν
659 664 699 698 ἐκ
723 664 795 698 τῶν
820 661 945 712 ἔργων,
967 678 1015 698 ων
1034 661 1155 710 ὑπόμι
1158 661 1219 710 ημ’
1238 679 1337 709 ησαν
1356 662 1456 701 ὄντες

126 717 162 753 οἶ
187 716 379 764 στέφανοι·
410 732 494 756 τους
521 714 550 752 ὃ
576 715 775 755 ἀναθεντας
800 714 909 761 δόξαν
936 732 979 752 ου
1005 717 1138 764 μικρὰν
1164 715 1385 766 ἀφῄρηνται,
1412 717 1454 752 τὸ

70 780 107 804 10
126 768 245 808 δοκεῖν
276 770 324 807 ὧν
354 768 398 807 ἂν
428 769 467 807 εὖ
486 768 630 807 πάθωσ’
663 769 802 808 ἐθέλειν
836 769 1060 819 μεμνῆσθαι.
1119 770 1178 807 καὶ
1211 773 1361 807 τοιαῦτα
1396 771 1454 808 καὶ

125 827 290 862 τοσαῦτα
316 825 358 862 τὸ
382 824 526 873 πλῆθος
550 823 628 861 κάκ’
655 825 891 875 εἰργασμένοι
917 825 966 864 εἷς
990 822 1091 861 τοῦθ’
1117 823 1178 873 ἅμ’
1208 825 1454 873 ἀναισθησίας

127 878 186 916 καὶ
214 879 356 927 τόλμης
384 878 699 927 προεληλύθασιν,
725 876 834 930 [ὥστε
863 879 1066 927 μέμνηνται
1095 880 1232 916 τούτων
1261 880 1307 918 ὡς
1335 881 1454 918 καλῶς

125 934 248 973 αὐτοῖς
267 930 524 984 διῳκημένων,]
543 933 632 970 ὥσθ’
653 934 673 970 ὁ
692 935 760 982 μὲν
779 933 893 970 οἴεται
913 931 957 970 δι’
978 935 1114 970 ἐκεῖνον
1129 931 1192 981 ὑφ’
1212 935 1313 981 ὑμῶν
1331 933 1452 982 σωθή-

125 987 273 1031 σεσθαι,
294 989 314 1026 ὁ
334 986 373 1025 δὲ
392 987 650 1036 παρακάθηται
671 987 730 1024 καὶ
750 988 793 1024 οὗ
820 987 1034 1025 καταδύεται
1054 988 1130 1027 τοῖς
1148 984 1451 1039 πεπραγμένοις.]

68 1068 103 1099 15
124 1048 225 1087 οὕτω
244 1047 278 1087 δ’
298 1047 342 1087 οὐ
360 1048 482 1098 μόνον
502 1049 558 1089 εἷς
577 1046 743 1100 χρήματ’
763 1046 936 1098 ἀναιδής,
958 1048 1063 1088 ἀλλὰ
1086 1047 1147 1087 καὶ
1167 1048 1306 1090 σκαιός
1325 1050 1449 1094 ἐστιν,
1483 1064 1526 1099 75

124 1114 220 1154 ὥστ’
240 1114 308 1154 οὐκ
327 1114 431 1154 οἶδεν
457 1116 596 1160 ἐκεῖνο,
619 1115 679 1154 ὅτι
699 1113 895 1167 στέφανοι
918 1113 991 1165 μέν
1011 1114 1087 1155 (Eo-³
1107 1115 1247 1166 ἀρετῆς
1272 1118 1450 1165 σημεῖον,
1484 1116 1592 1171 [617]

124 1180 268 1233 φιάλαι
292 1183 333 1221 δὲ
359 1181 422 1221 καὶ
447 1182 495 1221 τὰ
520 1185 678 1221 τοιαῦτα
706 1181 892 1227 πλούτου,
920 1181 983 1221 καὶ
1013 1180 1214 1234 στέφανος
1237 1183 1310 1232 μὲν
1335 1181 1450 1227 ἄπας,

124 1247 196 1288 κᾶν
219 1247 355 1300 μικρὸς
386 1246 423 1303 ᾗ,
451 1248 522 1298 τὴν
549 1250 641 1298 ἴσην
671 1249 904 1300 φιλοτιμίαν
933 1248 1018 1301 ἔχει
1042 1251 1094 1302 τῷ
1119 1247 1296 1303 μεγάλῳ,
1323 1249 1450 1289 ἐκπώ-

121 1331 226 1365 ματα
244 1314 277 1354 δ’
302 1311 325 1364 ἢ
345 1313 590 1367 θυμιατήρια,
612 1314 660 1355 ἂν
679 1317 751 1365 μὲν
770 1313 1009 1371 ὑπερβάλλῃ
1028 1318 1081 1369 τῷ
1102 1314 1257 1365 πλήθει,
1279 1316 1452 1356 πλούτου

64 1402 103 1424 20
121 1382 210 1422 τινὰ
231 1379 350 1431 δόξαν
370 1383 669 1434 προσετρίψατο
688 1386 770 1424 τοῖς
791 1381 1054 1432 κεκτημένοις,
1077 1383 1146 1422 ἐὰν
1165 1382 1198 1421 δ’
1219 1382 1283 1423 ἐπὶ
1301 1386 1452 1434 μικροῖς

121 1464 179 1489 τις
212 1448 465 1499 σεμνύνηται,
501 1448 657 1488 τοσοῦτ’
687 1448 829 1502 ἀπέχει
862 1452 931 1489 τοῦ
959 1451 1073 1500 τιμῆς
1103 1465 1208 1490 τινος
1238 1450 1302 1489 διὰ
1330 1453 1451 1489 ταῦτα

121 1518 255 1568 τυχεῖν
284 1514 380 1555 ὥστ’
411 1516 674 1566 ἀπειρόκαλος
705 1519 800 1567 πρὸς
831 1514 966 1566 ἔδοξεν
992 1515 1104 1556 εἶναι.
1177 1515 1290 1558 οὗτος
1318 1517 1450 1557 τοίνυν

121 1581 276 1622 ἀνελὼν
308 1584 356 1622 τὰ
392 1585 460 1633 τῆς
497 1581 613 1633 δόξης
651 1581 826 1633 κτήματα
857 1584 906 1622 τὰ
937 1585 1006 1622 τοῦ
1037 1582 1210 1623 πλούτου
1239 1583 1450 1633 πεποίηται

120 1649 239 1701 μικρὰ
264 1649 326 1689 καὶ
356 1648 430 1702 οὐχ
460 1650 567 1699 ὑμῶν
598 1648 699 1700 ἄξια.
772 1648 834 1689 καὶ
860 1648 941 1690 οὐδ
973 1648 1089 1690 εκεῖν’
1115 1649 1230 1695 εἶδεν,
1258 1651 1320 1690 ὅτι
1352 1649 1449 1702 πρὸς
1480 1657 1526 1699 76

62 1734 99 1766 25
120 1716 194 1765 μὲν
218 1715 430 1768 χρημάτων
451 1718 591 1766 κτῆσιν
610 1715 855 1757 οὐδεπώποθ’
881 1717 902 1755 ὁ
921 1718 1042 1768 δημος
1068 1716 1331 1763 ἐσπούδασεν,
1352 1716 1449 1768 πρὸς

120 1782 162 1822 δὲ
187 1780 303 1832 δόξης
329 1782 380 1824 ὡς
404 1783 492 1823 οὐδὲ
518 1782 614 1834 πρὸς
639 1782 682 1823 ἓν
706 1787 784 1823 τῶν
810 1783 959 1823 ἄλλων.
1030 1782 1239 1835 τεκμήριον
1258 1782 1313 1823 δέ·
1350 1783 1445 1836 χρή-

167 1900 180 1920 1
214 1892 230 1922 ὁ
254 1890 368 1933 πόρνος
393 1889 485 1923 οὗτος
508 1901 572 1921 om.
601 1889 638 1921 5¹
654 1890 690 1920 L¹
715 1891 767 1921 hic
787 1902 852 1922 non
878 1892 959 1921 xxiv
986 1892 1041 1921 181
1147 1893 1342 1930 ἐποιήθησαν
1366 1892 1446 1923 secl.

121 1933 280 1964 Bekker:
312 1945 376 1965 om.
402 1934 483 1964 xxiv
512 1935 566 1964 181
596 1934 672 1965 SL¹
809 1945 828 1972 3
862 1937 905 1967 εἷς
929 1936 970 1966 τὰ
995 1935 1063 1976 ἱερὰ
1087 1936 1218 1967 εἰσιέναι
1243 1935 1323 1966 secl.
1351 1935 1447 1966 Blass

121 1979 155 2009 ἐν
171 1980 239 2010 τοῖς
256 1979 349 2018 ἱεροῖς
367 1982 444 2017 post
462 1978 553 2009 ἐστίν
569 1978 599 2007 Α
768 1988 788 2016 5
813 1979 892 2018 ἔχον
907 1980 982 2016 ἴσην
1000 1979 1030 2008 Α
1199 1983 1213 2016 ς
1234 1989 1273 2017 74
1290 1979 1364 2019 τρία
1381 2002 1388 2010 .
1409 2003 1416 2010 .

119 2020 355 2062 πεπραγμένοις
371 2031 414 2051 ex
432 2021 514 2051 xxiv
534 2022 593 2051 182
610 2021 673 2051 huc
692 2021 784 2051 illata
801 2032 878 2052 esse
896 2022 980 2052 vidit
999 2022 1135 2061 Sauppe
1235 2022 1256 2052 8
1280 2022 1449 2062 ὑπόμνημα

120 2064 144 2093 S
159 2063 196 2094 L¹
217 2065 270 2094 hic
288 2070 321 2095 et
338 2065 419 2094 xxiv
440 2065 499 2094 182
514 2075 520 2094 z
554 2065 752 2104 ὑπομνήματ’
770 2064 801 2094 Α
815 2065 839 2094 F
851 2065 880 2095 O
896 2065 921 2094 L
944 2075 1030 2096 corr.
1177 2065 1269 2097 ὄντες
1294 2076 1359 2097 om.
1378 2067 1408 2096 Α
1423 2066 1448 2096 F

122 2117 155 2136 11
190 2107 254 2146 ἅμα
276 2118 341 2138 om.
367 2107 398 2138 A
422 2113 456 2138 et
480 2108 561 2138 xxiv
588 2109 648 2138 182
671 2118 787 2139 omnes
898 2107 1122 2148 ἀναισθησίας]
1149 2109 1379 2149 ἀναισχυντίας
1403 2109 1444 2148 A,

119 2151 158 2181 cf.
178 2151 258 2181 xxiv
280 2151 340 2181 182
488 2161 524 2181 12
549 2150 821 2192 προεληλύθασιν]
842 2152 1038 2190 ἐληλύθασιν
1055 2153 1085 2181 Α
1234 2162 1337 2190 12⁴13
1361 2154 1445 2184 ὥστε

118 2216 125 2224 .
149 2217 155 2223 .
176 2218 182 2224 .
200 2194 403 2235 διῳκημένων
419 2194 499 2225 secl.
523 2194 656 2225 Dobree
673 2206 679 2225 :
704 2196 827 2225 desunt
845 2196 928 2226 haec
946 2195 977 2225 in
996 2196 1076 2225 xxiv
1097 2195 1156 2226 182
1304 2205 1346 2226 22
1370 2198 1446 2236 πρὸς

119 2237 227 2278 ἔδοξεν
255 2237 422 2268 Dindors:
457 2238 649 2279 προσέδοξεν
676 2239 786 2274 codd„
817 2239 857 2269 cs.
885 2238 967 2268 xxiv
999 2239 1058 2276 183
1227 2249 1268 2277 23
1304 2239 1444 2280 ἀνελὼν]

118 2280 249 2319 ἀφελὼν
283 2280 315 2310 Α
493 2281 634 2311 alterum
671 2282 713 2313 τὰ
744 2291 808 2312 om.
847 2281 876 2311 A
910 2286 943 2311 et
976 2282 1058 2311 xxiv
1098 2282 1157 2319 183
1195 2292 1334 2312 omnes:
1377 2293 1442 2313 om.

120 2322 218 2395 Blssiss
245 2324 301 2363 qui
326 2330 401 2363 post
427 2324 518 2365 δόξης
543 2325 719 2364 distinguit
895 2334 935 2363 24
976 2325 1060 2357 εἶδεν
1093 2325 1154 2356 §F
1165 2325 1261 2355 YO:
1301 2325 1386 2357 οἶδεν
1418 2325 1444 2356 L

118 2376 162 2396 vu
176 2376 208 2405 g.

161 2430 348 2461 DEMOSTH.,
358 2431 437 2453 VOL.
456 2431 492 2454 11.
1275 2422 1314 2452 10
