1737 2734
142 168 215 222 xx]
535 170 695 208 ΠΡΟΣ
744 170 1080 207 ΛΕΠΤΙΝΗΝ

139 277 257 317 πόλιν
297 274 359 315 καὶ
396 276 465 324 τῆς
507 274 679 325 παρόδου
723 276 958 325 κρατοῦντας
1000 272 1344 322 Λακεδαιμονίους,
1385 270 1474 324 οὐχὶ

139 342 369 392 προῦδωκαν
388 340 467 381 οὐδ’
489 339 775 391 ἐβουλεύσαντ’
796 341 874 393 ἰδίᾳ
899 339 987 391 περὶ
1013 342 1083 389 τῆς
1109 340 1237 379 αὑτῶν
1262 339 1472 390 σωτηρίας,

139 410 246 449 ἀλλὰ
274 409 450 458 πλησίον
481 409 606 447 ὄντων
635 406 720 458 μεθ’
751 407 886 447 ὅπλων
916 405 1101 446 ἁπάντων
1133 404 1474 454 Πελοποννησίων

139 474 316 530 ἀνέῳξαν
332 476 401 516 τὰς
420 475 548 515 πύλας
566 475 657 525 ὑμῖν
677 475 750 527 βίᾳ
769 477 846 513 τῶν
862 476 1041 518 πολλῶν,
1061 472 1123 512 καὶ
1141 475 1298 522 μᾶλλον
1319 472 1474 511 εἵλοντο

100 560 117 591 5
137 541 224 593 μεθ’
247 543 354 593 ὑμῶν
379 545 457 581 τῶν
481 542 570 581 τότε
601 539 971 592 στρατευσαμένων,
1000 540 1036 579 εἴ
1063 556 1100 579 τι
1129 538 1222 585 δέοι,
1251 537 1426 591 πάσχειν
1451 535 1473 587 ἢ

138 608 260 662 χωρὶς
291 610 399 659 ὑμῶν
429 608 643 649 ἀκινδύνως
674 609 895 652 σεσῶσθαι,
931 607 992 646 καὶ
1027 605 1240 658 εἰσέφρουν
1271 605 1315 645 τὸ
1351 604 1471 657 στρά-

137 692 270 726 τευμα,
299 675 362 715 καὶ
387 674 588 715 διέσωσαν
615 675 678 714 καὶ
703 675 801 724 ὑμᾶς
828 673 890 713 καὶ
916 673 1006 715 τοὺς
1033 672 1277 726 συμμάχους.
1339 671 1473 722 ἐπειδὴ

138 742 171 782 δ’
196 743 219 793 ἡ
250 741 347 794 πρὸς
377 742 708 791 Λακεδαιμονίους
741 739 872 792 εἰρήνη
903 741 1002 790 μετὰ
1032 739 1138 779 ταῦτ’
1164 738 1334 791 ἐγένετο,
1360 738 1383 788 ἡ
1410 738 1473 779 ἐπ’

138 809 412 855 Ἀνταλκίδου,
441 808 527 848 ἀντὶ
566 812 643 848 τῶν
685 808 812 859 ἔργων
848 806 999 847 τούτων
1037 805 1112 846 ὑπὸ
1150 806 1474 856 Λακεδαιμονίων

80 891 118 913 10
139 875 345 926 ἐξέπεσον.
415 873 700 925 ὑποδεξάμενοι
732 873 764 914 δ’
798 875 907 924 ὑμεῖς
939 872 1081 915 αὐτοὺς
1114 871 1323 922 ἐποιήσατ’
1356 872 1474 924 ἔργον

138 943 356 995 ἀνθρώπων
383 945 513 982 καλῶν
540 942 737 993 κάγαθῶν·
777 941 1043 992 ἐψηφίσασθε
1068 941 1142 992 γὰρ
1168 939 1301 981 αὐτοῖς
1330 938 1472 979 ἅπανθ’

137 1011 191 1049 ὧν
218 1009 389 1050 ἐδέοντο.
463 1008 547 1049 εἶτα
572 1011 691 1048 ταῦτα
717 1010 785 1048 νῦν
812 1008 845 1047 εἰ
870 1006 946 1060 χρὴ
974 1007 1071 1059 κύρι’
1098 1005 1199 1047 εἶναι
1224 1009 1470 1056 σκοποῦμεν;

137 1076 229 1116 ἀλλ’
263 1077 283 1115 ὁ
319 1076 441 1128 λόγος
473 1078 629 1127 πρῶτον
663 1074 831 1128 αἰσχρὸς
863 1070 959 1125 [τοῖς
997 1070 1311 1125 σκοπουμένοις],
1348 1074 1384 1113 εἴ
1414 1089 1472 1115 τις

138 1143 346 1183 ἀκούσειεν
366 1142 417 1185 ὡς
439 1142 640 1192 Ἀθηναῖοι
668 1144 889 1182 σκοποῦσιν
911 1142 944 1181 εἰ
968 1140 1044 1194 χρὴ
1065 1140 1154 1182 τοὺς
1175 1139 1383 1192 εὐεργέτας
1402 1141 1472 1180 ἐᾶν

78 1224 115 1258 15
136 1211 185 1249 τὰ
215 1209 365 1250 δοθέντ’
390 1209 512 1263 ἔχειν·
550 1209 675 1249 πάλαι
700 1210 775 1261 γὰρ
801 1207 998 1260 ἐσκέφθαι
1027 1211 1148 1247 ταῦτα
1179 1207 1239 1247 καὶ
1274 1208 1472 1259 ἐγνῶσθαι

137 1279 348 1328 προσῆκεν.
420 1275 621 1328 ἀνάγνωθι
648 1276 710 1316 καὶ
730 1278 844 1315 τοῦτο
868 1279 911 1314 τὸ
936 1273 1121 1327 ψήφισμ’
1146 1273 1288 1316 αὐτοῖς.

701 1395 902 1425 ΨΗΦῙΣΜΑ.

197 1471 250 1512 ἃΑ
279 1474 353 1523 μὲν
382 1473 649 1525 ἐψηφίσασθε
678 1476 761 1513 τοῖς
791 1472 1011 1523 φεύγουσιν
1045 1470 1092 1510 δι’
1121 1471 1220 1521 ὑμᾶς
1250 1470 1471 1522 Κορινθίων

137 1539 244 1579 ταῦτ’
266 1541 388 1585 ἐστίν,
411 1538 440 1579 ὦ
460 1539 598 1590 ἄνδρες
623 1538 819 1579 δικασταί.
879 1538 951 1590 ὅρα
977 1537 1031 1583 δέ,
1054 1539 1091 1578 εἵ
1112 1554 1171 1579 τις
1190 1538 1361 1578 ἐκείνους
1379 1537 1471 1578 τοὺς

78 1624 118 1647 20
139 1606 293 1658 καιροὺς
319 1607 430 1648 εἰδὼς
454 1603 492 1659 [ὴ
513 1602 664 1657 παρὼν]
688 1605 713 1655 ἤ
738 1622 844 1646 τινος
869 1605 1019 1646 εἰδότος
1044 1603 1257 1654 διεξιόντος
1283 1604 1469 1649 ἀκούσας,

137 1673 303 1713 ἀκούσαι
322 1676 389 1713 τοῦ
408 1673 528 1724 νόμου
545 1673 684 1712 τούτου
700 1673 768 1713 τὰς
787 1672 875 1712 τότε
895 1672 1057 1723 δωρειὰς
1077 1672 1262 1712 δοθείσας
1278 1671 1468 1723 ἀφαιρου-

136 1739 267 1789 μένου,
289 1740 390 1789 ὅσην
414 1738 462 1780 ἂν
489 1740 627 1779 κακίαν
652 1742 731 1779 τῶν
751 1738 925 1789 θεμένων
943 1738 1013 1778 τὸν
1039 1738 1160 1788 νόμον
1186 1738 1412 1789 καταγνοίη,
1434 1737 1470 1777 οἳ

137 1808 241 1858 παρὰ
265 1809 338 1856 μὲν
357 1808 427 1848 τὰς
446 1807 582 1859 χρείας
602 1806 702 1845 οὕτω
725 1804 1001 1857 φιλάνθρωποι
1022 1805 1085 1844 καὶ
1105 1804 1233 1845 πάντα
1252 1808 1468 1849 ποιοῦντες,

136 1873 270 1922 ἐπειδὴ
291 1873 324 1912 δ’
346 1872 570 1925 ἐπράξαμεν
590 1872 706 1912 πάνθ’
723 1871 787 1911 ὅσ’
804 1871 852 1912 ἂν
872 1870 1094 1922 εὐξαίμεθα,
1117 1872 1239 1912 οὕτως
1259 1870 1470 1924 ἀχάριστοι

78 1957 116 1989 ²5
138 1940 200 1979 καὶ
231 1940 354 1986 κακοί,
382 1940 486 1980 ὥστε
516 1940 607 1981 τούς
637 1939 669 1978 τ’
696 1939 862 1992 ἔχοντας
893 1937 1132 1994 ἀφῃρήμεθα
1162 1938 1223 1978 καὶ
1253 1936 1297 1977 τὸ
1327 1937 1470 1977 λοιπὸν

134 2007 272 2057 μηδενὶ
291 2009 425 2047 δοῦναι
443 2005 549 2046 ταῦτ’
568 2004 710 2056 ἐξεῖναι
734 2006 857 2056 νόμον
876 2004 1108 2056 τεθήκαμεν.
1163 2004 1210 2054 νὴ
1230 2003 1300 2044 Δί’
1317 2003 1470 2054 ἀνάξιοι

179 2126 198 2153 4
224 2117 297 2152 ὑμῖν
314 2115 354 2146 G.
369 2115 414 2146 H.
429 2115 595 2146 Schaefer
610 2125 617 2144 z
640 2114 716 2151 ἡμῖν
734 2114 830 2145 codd.
922 2117 1054 2145 πολλῶν
1071 2113 1168 2144 codd.
1188 2125 1194 2143 z
1219 2116 1363 2145 πολιτῶν
1376 2112 1468 2143 Weil

134 2160 157 2189 6
181 2159 390 2200 εἶσεφροῦντο
407 2159 515 2189 Cobet
659 2159 679 2188 8
705 2158 797 2197 prius
815 2158 834 2195 ἡ
852 2168 915 2189 orn.
936 2158 960 2188 S
979 2158 1067 2196 vulg.
1088 2169 1094 2187 :
1118 2157 1194 2188 add.
1215 2156 1284 2186 LA
1381 2157 1401 2193 ἡ
1420 2155 1469 2188 ἐπ’

136 2202 350 2234 Ἀνταλκίδου
381 2202 462 2233 secl.
488 2201 595 2233 Cobet
786 2211 823 2240 13
861 2204 930 2233 τοῖς
963 2200 1193 2239 σκοπουμένοις
1225 2200 1305 2230 secl.
1334 2199 1468 2230 Dobree

139 2247 178 2275 16
200 2248 363 2286 προσῆκεν
380 2246 470 2285 vulg.
486 2256 492 2276 τ
518 2245 672 2287 προσήκει
691 2244 728 2275 S¹
743 2245 768 2274 L
870 2244 906 2276 δέ
920 2258 973 2284 μοι
991 2249 1067 2283 post
1084 2244 1240 2284 ἀνάγνωθι
1258 2243 1334 2273 add.
1353 2243 1443 2282 vulg.
1462 2254 1468 2272 :

134 2299 199 2320 om.
219 2289 243 2320 S
257 2289 337 2319 L¹A
495 2299 533 2328 19
557 2290 614 2329 ὅρα
632 2289 679 2318 S:
703 2291 798 2330 ὁρᾶτε
817 2293 908 2328 cett,
929 2288 969 2318 cf.
990 2291 1004 2325 ξ
1024 2297 1060 2317 21
1225 2297 1268 2317 20
1292 2288 1381 2319 εἰδὼς
1397 2286 1429 2316 Α
1443 2286 1469 2316 Ρ

135 2342 234 2368 corr„
254 2333 295 2363 cf.
318 2336 333 2370 ξ
352 2343 404 2371 47,
424 2333 454 2362 iv
471 2343 491 2371 3
507 2343 513 2362 ε
539 2333 613 2364 ἰδὼν
630 2332 654 2362 S
667 2332 694 2362 L
710 2332 801 2371 vulg.
935 2333 954 2370 ἢ
972 2333 1079 2373 παρὼν
1095 2329 1219 2361 seclusi
1238 2340 1313 2360 cum
1333 2330 1468 2360 Blassio

136 2376 207 2415 (qui
231 2377 306 2408 ἰδὼν
327 2377 485 2415 recepit).
533 2376 697 2415 Equidem
722 2377 797 2408 ι’δὼν
812 2376 832 2413 ἢ
849 2376 958 2417 παρὼν
973 2375 1014 2405 ad
1033 2375 1122 2407 εἰδὼς
1140 2373 1344 2413 adscriptum
1365 2374 1468 2404 fuisse

136 2424 237 2457 puto:
275 2420 295 2457 ἢ
327 2421 402 2452 ἰδὼν
433 2421 541 2461 παρὼν
573 2420 657 2450 coni.
689 2419 764 2450 edd.
795 2419 916 2449 Turn:
954 2419 1043 2450 εἰδὼς
1074 2419 1182 2459 παρὼν
1214 2417 1299 2448 coni.
1333 2417 1469 2456 Sandys

135 2472 176 2501 25
208 2463 417 2504 φανησόμεθα
440 2468 515 2503 post
540 2464 631 2494 κακοὶ
655 2463 731 2494 add.
758 2462 783 2493 L
806 2462 918 2502 vulg.:
951 2472 1016 2492 om.
1043 2461 1110 2492 SA
1298 2506 1335 2534 2*

1506 167 1620 222 [4⁷2]

1506 336 1619 391 [473]

1507 684 1549 721 54

1503 1478 1544 1516 55

1502 1982 1617 2083 ἑέ74]
