<?xml version="1.0" encoding="UTF-8"?>
<!DOCTYPE html PUBLIC "-//W3C//DTD XHTML 1.0 Transitional//EN"
    "http://www.w3.org/TR/xhtml1/DTD/xhtml1-transitional.dtd">
<html xmlns="http://www.w3.org/1999/xhtml" xml:lang="en" lang="en">
 <head>
  <title>
</title>
<meta http-equiv="Content-Type" content="text/html;charset=utf-8" />
  <meta name='ocr-system' content='tesseract 3.04.00' />
  <meta name='ocr-capabilities' content='ocr_page ocr_carea ocr_par ocr_line ocrx_word'/>
</head>
<body>
  <div class='ocr_page' id='page_1' title='image "./p1orationesrecog02demouoft_0315.png"; bbox 0 0 1737 2734; ppageno 0'>
   <div class='ocr_carea' id='block_1_1' title="bbox 178 136 1657 193">
    <p class='ocr_par' dir='ltr' id='par_1_1' title="bbox 178 136 1657 193">
     <span class='ocr_line' id='line_1_1' title="bbox 178 136 1657 193; baseline 0.003 -18"><span class='ocrx_word' id='word_1_1' title='bbox 178 136 275 188; x_wconf 71' lang='lat' dir='ltr'>xxv]</span> <span class='ocrx_word' id='word_1_2' title='bbox 436 136 568 177; x_wconf 79' lang='lat' dir='ltr'>KAT‘</span> <span class='ocrx_word' id='word_1_3' title='bbox 616 138 1168 177; x_wconf 76' lang='grc' dir='ltr'>ΑΡΙΣΤΟΓΕΙΤΟΝΟΣ</span> <span class='ocrx_word' id='word_1_4' title='bbox 1216 139 1250 176; x_wconf 86' lang='grc' dir='ltr'>Α</span> <span class='ocrx_word' id='word_1_5' title='bbox 1540 138 1657 193; x_wconf 84' lang='lat'><strong>[789]</strong></span> 
     </span>
    </p>
   </div>
   <div class='ocr_carea' id='block_1_2' title="bbox 175 242 1582 298">
    <p class='ocr_par' dir='ltr' id='par_1_2' title="bbox 175 242 1582 298">
     <span class='ocr_line' id='line_1_2' title="bbox 175 242 1582 298; baseline 0 -15"><span class='ocrx_word' id='word_1_6' title='bbox 175 244 298 298; x_wconf 87' lang='grc' dir='ltr'>τούτῳ</span> <span class='ocrx_word' id='word_1_7' title='bbox 328 242 502 296; x_wconf 83' lang='grc' dir='ltr'>διδόναι].</span> <span class='ocrx_word' id='word_1_8' title='bbox 579 245 639 284; x_wconf 85' lang='grc' dir='ltr'>καὶ</span> <span class='ocrx_word' id='word_1_9' title='bbox 669 245 730 284; x_wconf 86' lang='grc' dir='ltr'>ὅτι</span> <span class='ocrx_word' id='word_1_10' title='bbox 758 243 864 284; x_wconf 79' lang='grc' dir='ltr'>ταῦτ’</span> <span class='ocrx_word' id='word_1_11' title='bbox 893 245 1020 294; x_wconf 83' lang='grc' dir='ltr'>ἀληθῆ</span> <span class='ocrx_word' id='word_1_12' title='bbox 1052 243 1173 295; x_wconf 85' lang='grc' dir='ltr'>λέγω,</span> <span class='ocrx_word' id='word_1_13' title='bbox 1206 242 1318 283; x_wconf 84' lang='grc' dir='ltr'>κάλει</span> <span class='ocrx_word' id='word_1_14' title='bbox 1344 259 1411 293; x_wconf 89' lang='grc' dir='ltr'>μοι</span> <span class='ocrx_word' id='word_1_15' title='bbox 1440 242 1509 283; x_wconf 89' lang='grc' dir='ltr'>τὸν</span> <span class='ocrx_word' id='word_1_16' title='bbox 1538 249 1582 283; x_wconf 83' lang='grc'>62</span> 
     </span>
    </p>
   </div>
   <div class='ocr_carea' id='block_1_3' title="bbox 583 310 830 325">
    <p class='ocr_par' dir='ltr' id='par_1_3' title="bbox 583 310 830 325">
     <span class='ocr_line' id='line_1_3' title="bbox 583 310 830 325; baseline -0.008 0"><span class='ocrx_word' id='word_1_17' title='bbox 583 310 645 325; x_wconf 53' lang='grc' dir='ltr'>(Α,</span> <span class='ocrx_word' id='word_1_18' title='bbox 682 312 691 325; x_wconf 64' lang='lat' dir='ltr'>t</span> <span class='ocrx_word' id='word_1_19' title='bbox 821 310 830 323; x_wconf 64' lang='grc' dir='ltr'><strong>Χ</strong></span> 
     </span>
    </p>
   </div>
   <div class='ocr_carea' id='block_1_4' title="bbox 175 309 1429 364">
    <p class='ocr_par' dir='ltr' id='par_1_4' title="bbox 175 309 1429 364">
     <span class='ocr_line' id='line_1_4' title="bbox 175 309 1429 364; baseline 0 -14"><span class='ocrx_word' id='word_1_20' title='bbox 175 310 381 362; x_wconf 81' lang='grc' dir='ltr'>ἄνθρωπον</span> <span class='ocrx_word' id='word_1_21' title='bbox 407 311 452 351; x_wconf 78' lang='grc' dir='ltr'>οὗ</span> <span class='ocrx_word' id='word_1_22' title='bbox 476 311 548 361; x_wconf 78' lang='grc' dir='ltr'>τὴν</span> <span class='ocrx_word' id='word_1_23' title='bbox 571 328 634 363; x_wconf 99' lang='grc' dir='ltr'>ριν</span> <span class='ocrx_word' id='word_1_24' title='bbox 673 328 693 350; x_wconf 95' lang='grc' dir='ltr'>ο</span> <span class='ocrx_word' id='word_1_25' title='bbox 718 327 857 364; x_wconf 80' lang='grc' dir='ltr'>μιαρος</span> <span class='ocrx_word' id='word_1_26' title='bbox 883 310 995 352; x_wconf 80' lang='grc' dir='ltr'>οὗτος</span> <span class='ocrx_word' id='word_1_27' title='bbox 1020 311 1167 351; x_wconf 86' lang='grc' dir='ltr'>ἐσθίων</span> <span class='ocrx_word' id='word_1_28' title='bbox 1193 309 1429 362; x_wconf 86' lang='grc' dir='ltr'>κατέφαγεν.</span> 
     </span>
    </p>
   </div>
   <div class='ocr_carea' id='block_1_5' title="bbox 738 426 948 453">
    <p class='ocr_par' dir='ltr' id='par_1_5' title="bbox 738 426 948 453">
     <span class='ocr_line' id='line_1_5' title="bbox 738 426 948 453; baseline -0.01 0"><span class='ocrx_word' id='word_1_29' title='bbox 738 426 948 453; x_wconf 79' lang='grc' dir='ltr'>ΜΑΡΤΎΡῘΑ.</span> 
     </span>
    </p>
   </div>
   <div class='ocr_carea' id='block_1_6' title="bbox 619 498 675 511">
    <p class='ocr_par' dir='ltr' id='par_1_6' title="bbox 619 498 675 511">
     <span class='ocr_line' id='line_1_6' title="bbox 619 498 675 511; baseline 0 0"><span class='ocrx_word' id='word_1_30' title='bbox 619 498 628 511; x_wconf 61' lang='lat' dir='ltr'><em>R</em></span> <span class='ocrx_word' id='word_1_31' title='bbox 666 498 675 511; x_wconf 70' lang='lat' dir='ltr'><em>oe</em></span> 
     </span>
    </p>
   </div>
   <div class='ocr_carea' id='block_1_7' title="bbox 112 493 1647 2093">
    <p class='ocr_par' dir='ltr' id='par_1_7' title="bbox 115 493 1578 1352">
     <span class='ocr_line' id='line_1_7' title="bbox 244 493 1508 550; baseline -0.002 -12"><span class='ocrx_word' id='word_1_32' title='bbox 244 500 388 538; x_wconf 80' lang='grc' dir='ltr'>Καλῶν</span> <span class='ocrx_word' id='word_1_33' title='bbox 408 497 444 550; x_wconf 85' lang='grc' dir='ltr'>γ’</span> <span class='ocrx_word' id='word_1_34' title='bbox 464 498 590 550; x_wconf 83' lang='grc' dir='ltr'>ἔργων</span> <span class='ocrx_word' id='word_1_35' title='bbox 611 514 631 537; x_wconf 94' lang='grc' dir='ltr'>ο</span> <span class='ocrx_word' id='word_1_36' title='bbox 654 496 782 550; x_wconf 86' lang='grc' dir='ltr'>ρήτωρ</span> <span class='ocrx_word' id='word_1_37' title='bbox 801 496 1035 548; x_wconf 84' lang='grc' dir='ltr'>δημιουργὸς</span> <span class='ocrx_word' id='word_1_38' title='bbox 1054 497 1143 547; x_wconf 84' lang='grc' dir='ltr'>ὑμῖν</span> <span class='ocrx_word' id='word_1_39' title='bbox 1165 494 1342 548; x_wconf 82' lang='grc' dir='ltr'>γέγονεν.</span> <span class='ocrx_word' id='word_1_40' title='bbox 1395 493 1508 545; x_wconf 79' lang='grc' dir='ltr'>ἄξιόν</span> 
     </span>
     <span class='ocr_line' id='line_1_8' title="bbox 135 559 1507 617; baseline -0.001 -14"><span class='ocrx_word' id='word_1_41' title='bbox 135 587 151 617; x_wconf 75' lang='lat'><strong>5</strong></span> <span class='ocrx_word' id='word_1_42' title='bbox 175 564 210 616; x_wconf 81' lang='grc' dir='ltr'>γ’</span> <span class='ocrx_word' id='word_1_43' title='bbox 230 566 271 604; x_wconf 83' lang='grc' dir='ltr'>ἐκ</span> <span class='ocrx_word' id='word_1_44' title='bbox 297 569 365 605; x_wconf 82' lang='grc' dir='ltr'>τοῦ</span> <span class='ocrx_word' id='word_1_45' title='bbox 388 569 549 605; x_wconf 82' lang='grc' dir='ltr'>τοιαῦτα</span> <span class='ocrx_word' id='word_1_46' title='bbox 574 565 832 614; x_wconf 84' lang='grc' dir='ltr'>πεποιηκότος</span> <span class='ocrx_word' id='word_1_47' title='bbox 858 564 1056 614; x_wconf 87' lang='grc' dir='ltr'>στόματος</span> <span class='ocrx_word' id='word_1_48' title='bbox 1081 559 1248 615; x_wconf 80' lang='grc' dir='ltr'>λόγονῆ</span> <span class='ocrx_word' id='word_1_49' title='bbox 1271 560 1507 613; x_wconf 81' lang='grc' dir='ltr'>συμβουλήν</span> 
     </span>
     <span class='ocr_line' id='line_1_9' title="bbox 172 628 1506 683; baseline 0 -14"><span class='ocrx_word' id='word_1_50' title='bbox 172 631 245 670; x_wconf 73' lang='grc' dir='ltr'>τιν’</span> <span class='ocrx_word' id='word_1_51' title='bbox 270 632 448 672; x_wconf 83' lang='grc' dir='ltr'>ἀκοῦσαι.</span> <span class='ocrx_word' id='word_1_52' title='bbox 520 630 718 683; x_wconf 78' lang='grc' dir='ltr'>ἀνάγνωθι</span> <span class='ocrx_word' id='word_1_53' title='bbox 746 630 791 681; x_wconf 81' lang='grc' dir='ltr'>δὴ</span> <span class='ocrx_word' id='word_1_54' title='bbox 823 632 886 671; x_wconf 88' lang='grc' dir='ltr'>καὶ</span> <span class='ocrx_word' id='word_1_55' title='bbox 911 630 1016 671; x_wconf 85' lang='grc' dir='ltr'>τουτὶ</span> <span class='ocrx_word' id='word_1_56' title='bbox 1046 629 1090 669; x_wconf 85' lang='grc' dir='ltr'>τὸ</span> <span class='ocrx_word' id='word_1_57' title='bbox 1124 629 1245 670; x_wconf 88' lang='grc' dir='ltr'>καλὸν</span> <span class='ocrx_word' id='word_1_58' title='bbox 1271 629 1359 680; x_wconf 88' lang='grc' dir='ltr'>περὶ</span> <span class='ocrx_word' id='word_1_59' title='bbox 1389 628 1506 669; x_wconf 80' lang='grc' dir='ltr'>αὐτοῦ</span> 
     </span>
     <span class='ocr_line' id='line_1_10' title="bbox 172 698 313 748; baseline 0.007 -12"><span class='ocrx_word' id='word_1_60' title='bbox 172 698 313 748; x_wconf 83' lang='grc' dir='ltr'>δόγμα.</span> 
     </span>
     <span class='ocr_line' id='line_1_11' title="bbox 762 762 914 789; baseline -0.013 0"><span class='ocrx_word' id='word_1_61' title='bbox 762 762 914 789; x_wconf 84' lang='grc' dir='ltr'>ΔΟΓΜΑ.</span> 
     </span>
     <span class='ocr_line' id='line_1_12' title="bbox 241 831 1578 886; baseline 0 -14"><span class='ocrx_word' id='word_1_62' title='bbox 241 831 323 872; x_wconf 76' lang='grc' dir='ltr'>Εἶτ’</span> <span class='ocrx_word' id='word_1_63' title='bbox 352 833 420 872; x_wconf 79' lang='grc' dir='ltr'>οὐκ</span> <span class='ocrx_word' id='word_1_64' title='bbox 455 832 704 886; x_wconf 79' lang='grc' dir='ltr'>αἰσχύνεσθ’,</span> <span class='ocrx_word' id='word_1_65' title='bbox 735 831 765 873; x_wconf 73' lang='grc' dir='ltr'><em>ὦ</em></span> <span class='ocrx_word' id='word_1_66' title='bbox 798 832 936 884; x_wconf 81' lang='grc' dir='ltr'>ἄνδρες</span> <span class='ocrx_word' id='word_1_67' title='bbox 961 832 1177 881; x_wconf 85' lang='grc' dir='ltr'>Ἀθηναῖοι,</span> <span class='ocrx_word' id='word_1_68' title='bbox 1212 833 1245 872; x_wconf 86' lang='grc' dir='ltr'>εἰ</span> <span class='ocrx_word' id='word_1_69' title='bbox 1274 833 1309 871; x_wconf 80' lang='grc' dir='ltr'>οἱ</span> <span class='ocrx_word' id='word_1_70' title='bbox 1339 833 1411 882; x_wconf 78' lang='grc' dir='ltr'>μὲν</span> <span class='ocrx_word' id='word_1_71' title='bbox 1441 832 1504 871; x_wconf 85' lang='grc' dir='ltr'>ἐπὶ</span> <span class='ocrx_word' id='word_1_72' title='bbox 1534 838 1578 882; x_wconf 83' lang='lat'>63</span> 
     </span>
     <span class='ocr_line' id='line_1_13' title="bbox 115 897 1506 953; baseline -0.003 -11"><span class='ocrx_word' id='word_1_73' title='bbox 115 922 153 942; x_wconf 89' lang='lat'>10</span> <span class='ocrx_word' id='word_1_74' title='bbox 173 900 341 953; x_wconf 78' lang='grc' dir='ltr'>πονηρίᾳ</span> <span class='ocrx_word' id='word_1_75' title='bbox 382 900 445 939; x_wconf 83' lang='grc' dir='ltr'>καὶ</span> <span class='ocrx_word' id='word_1_76' title='bbox 486 903 567 941; x_wconf 80' lang='grc' dir='ltr'>τοῖς</span> <span class='ocrx_word' id='word_1_77' title='bbox 610 899 798 952; x_wconf 82' lang='grc' dir='ltr'>ἐσχάτοις</span> <span class='ocrx_word' id='word_1_78' title='bbox 839 899 1138 950; x_wconf 82' lang='grc' dir='ltr'>ἐμπεπτωκότες</span> <span class='ocrx_word' id='word_1_79' title='bbox 1180 899 1234 940; x_wconf 81' lang='grc' dir='ltr'>εἰς</span> <span class='ocrx_word' id='word_1_80' title='bbox 1275 897 1320 937; x_wconf 87' lang='grc' dir='ltr'>τὸ</span> <span class='ocrx_word' id='word_1_81' title='bbox 1362 899 1506 949; x_wconf 86' lang='grc' dir='ltr'>οἴκημα</span> 
     </span>
     <span class='ocr_line' id='line_1_14' title="bbox 171 964 1505 1020; baseline 0 -16"><span class='ocrx_word' id='word_1_82' title='bbox 171 966 348 1020; x_wconf 82' lang='grc' dir='ltr'>τοσούτῳ</span> <span class='ocrx_word' id='word_1_83' title='bbox 384 969 521 1006; x_wconf 80' lang='grc' dir='ltr'>τοῦτον</span> <span class='ocrx_word' id='word_1_84' title='bbox 561 965 755 1019; x_wconf 84' lang='grc' dir='ltr'>ἡγήσανθ’</span> <span class='ocrx_word' id='word_1_85' title='bbox 791 968 940 1007; x_wconf 83' lang='grc' dir='ltr'>ἑαυτῶν</span> <span class='ocrx_word' id='word_1_86' title='bbox 976 965 1075 1006; x_wconf 80' lang='grc' dir='ltr'>εἶναι</span> <span class='ocrx_word' id='word_1_87' title='bbox 1109 965 1373 1016; x_wconf 83' lang='grc' dir='ltr'>πονηρότερον</span> <span class='ocrx_word' id='word_1_88' title='bbox 1408 964 1505 1004; x_wconf 81' lang='grc' dir='ltr'>ὥστ’</span> 
     </span>
     <span class='ocr_line' id='line_1_15' title="bbox 171 1030 1504 1083; baseline 0.001 -12"><span class='ocrx_word' id='word_1_89' title='bbox 171 1032 357 1082; x_wconf 82' lang='grc' dir='ltr'>ἄμεικτον</span> <span class='ocrx_word' id='word_1_90' title='bbox 393 1034 545 1074; x_wconf 81' lang='grc' dir='ltr'>ἑαυτοῖς</span> <span class='ocrx_word' id='word_1_91' title='bbox 582 1035 843 1083; x_wconf 82' lang='grc' dir='ltr'>καταστῆσαι,</span> <span class='ocrx_word' id='word_1_92' title='bbox 878 1033 987 1082; x_wconf 84' lang='grc' dir='ltr'>ὑμεῖς</span> <span class='ocrx_word' id='word_1_93' title='bbox 1023 1031 1056 1072; x_wconf 89' lang='grc' dir='ltr'>δ’</span> <span class='ocrx_word' id='word_1_94' title='bbox 1089 1030 1390 1082; x_wconf 80' lang='grc' dir='ltr'>ἐξεληλακότων</span> <span class='ocrx_word' id='word_1_95' title='bbox 1425 1034 1504 1072; x_wconf 86' lang='grc' dir='ltr'>τῶν</span> 
     </span>
     <span class='ocr_line' id='line_1_16' title="bbox 172 1096 1501 1149; baseline 0 -11"><span class='ocrx_word' id='word_1_96' title='bbox 172 1099 302 1149; x_wconf 88' lang='grc' dir='ltr'>νόμων</span> <span class='ocrx_word' id='word_1_97' title='bbox 327 1099 444 1139; x_wconf 85' lang='grc' dir='ltr'>αὐτὸν</span> <span class='ocrx_word' id='word_1_98' title='bbox 470 1101 512 1139; x_wconf 85' lang='grc' dir='ltr'>ἐκ</span> <span class='ocrx_word' id='word_1_99' title='bbox 536 1102 605 1149; x_wconf 87' lang='grc' dir='ltr'>τῆς</span> <span class='ocrx_word' id='word_1_100' title='bbox 630 1101 834 1141; x_wconf 84' lang='grc' dir='ltr'>πολιτείας</span> <span class='ocrx_word' id='word_1_101' title='bbox 862 1100 917 1140; x_wconf 78' lang='grc' dir='ltr'>εἰς</span> <span class='ocrx_word' id='word_1_102' title='bbox 942 1099 1039 1149; x_wconf 78' lang='grc' dir='ltr'>ὑμᾶς</span> <span class='ocrx_word' id='word_1_103' title='bbox 1064 1098 1204 1139; x_wconf 83' lang='grc' dir='ltr'>αὐτοὺς</span> <span class='ocrx_word' id='word_1_104' title='bbox 1231 1096 1501 1148; x_wconf 79' lang='grc' dir='ltr'>καταμείξετε,-</span> 
     </span>
     <span class='ocr_line' id='line_1_17' title="bbox 171 1161 1503 1218; baseline -0.001 -13"><span class='ocrx_word' id='word_1_105' title='bbox 171 1168 212 1206; x_wconf 87' lang='grc' dir='ltr'>τί</span> <span class='ocrx_word' id='word_1_106' title='bbox 233 1170 310 1205; x_wconf 83' lang='grc' dir='ltr'>τῶν</span> <span class='ocrx_word' id='word_1_107' title='bbox 335 1165 622 1218; x_wconf 81' lang='grc' dir='ltr'>πεπραγμένων</span> <span class='ocrx_word' id='word_1_108' title='bbox 647 1163 670 1216; x_wconf 81' lang='grc' dir='ltr'>ἢ</span> <span class='ocrx_word' id='word_1_109' title='bbox 695 1165 958 1217; x_wconf 82' lang='grc' dir='ltr'>βεβιωμένων</span> <span class='ocrx_word' id='word_1_110' title='bbox 982 1164 1283 1211; x_wconf 87' lang='grc' dir='ltr'>ἐπαινέσαντες;</span> <span class='ocrx_word' id='word_1_111' title='bbox 1321 1161 1345 1214; x_wconf 78' lang='grc' dir='ltr'>ἢ</span> <span class='ocrx_word' id='word_1_112' title='bbox 1364 1166 1405 1205; x_wconf 90' lang='grc' dir='ltr'>τί</span> <span class='ocrx_word' id='word_1_113' title='bbox 1425 1168 1503 1204; x_wconf 87' lang='grc' dir='ltr'>τῶν</span> 
     </span>
     <span class='ocr_line' id='line_1_18' title="bbox 115 1231 1501 1287; baseline -0.002 -14"><span class='ocrx_word' id='word_1_114' title='bbox 115 1253 152 1287; x_wconf 88' lang='lat'>15</span> <span class='ocrx_word' id='word_1_115' title='bbox 171 1232 329 1273; x_wconf 84' lang='grc' dir='ltr'>πάντων</span> <span class='ocrx_word' id='word_1_116' title='bbox 363 1232 452 1286; x_wconf 85' lang='grc' dir='ltr'>οὐχὶ</span> <span class='ocrx_word' id='word_1_117' title='bbox 484 1232 819 1286; x_wconf 82' lang='grc' dir='ltr'>δυσχεράναντες;</span> <span class='ocrx_word' id='word_1_118' title='bbox 857 1232 925 1272; x_wconf 87' lang='grc' dir='ltr'>οὐκ</span> <span class='ocrx_word' id='word_1_119' title='bbox 958 1231 1132 1282; x_wconf 81' lang='grc' dir='ltr'>ἀσεβής;</span> <span class='ocrx_word' id='word_1_120' title='bbox 1171 1231 1240 1271; x_wconf 82' lang='grc' dir='ltr'>οὐκ</span> <span class='ocrx_word' id='word_1_121' title='bbox 1271 1231 1394 1282; x_wconf 86' lang='grc' dir='ltr'>ὠμός;</span> <span class='ocrx_word' id='word_1_122' title='bbox 1432 1232 1501 1271; x_wconf 81' lang='grc' dir='ltr'>οὐκ</span> 
     </span>
     <span class='ocr_line' id='line_1_19' title="bbox 170 1298 788 1352; baseline 0.003 -13"><span class='ocrx_word' id='word_1_123' title='bbox 170 1298 408 1351; x_wconf 83' lang='grc' dir='ltr'>ἀκάθαρτος;</span> <span class='ocrx_word' id='word_1_124' title='bbox 446 1299 491 1338; x_wconf 87' lang='grc' dir='ltr'>οὐ</span> <span class='ocrx_word' id='word_1_125' title='bbox 516 1299 788 1352; x_wconf 88' lang='grc' dir='ltr'>συκοφάντης;</span> 
     </span>
    </p>

    <p class='ocr_par' dir='ltr' id='par_1_8' title="bbox 169 1363 1577 1552">
     <span class='ocr_line' id='line_1_20' title="bbox 236 1363 1577 1416; baseline -0.001 -11"><span class='ocrx_word' id='word_1_126' title='bbox 236 1365 351 1406; x_wconf 80' lang='grc' dir='ltr'>Ἀλλ’</span> <span class='ocrx_word' id='word_1_127' title='bbox 371 1367 476 1416; x_wconf 86' lang='grc' dir='ltr'>ὅμως</span> <span class='ocrx_word' id='word_1_128' title='bbox 499 1370 658 1406; x_wconf 84' lang='grc' dir='ltr'>τοιαῦτα</span> <span class='ocrx_word' id='word_1_129' title='bbox 677 1369 799 1406; x_wconf 82' lang='grc' dir='ltr'>ποιῶν</span> <span class='ocrx_word' id='word_1_130' title='bbox 824 1365 887 1405; x_wconf 79' lang='grc' dir='ltr'>καὶ</span> <span class='ocrx_word' id='word_1_131' title='bbox 912 1369 1088 1407; x_wconf 83' lang='grc' dir='ltr'>τοιοῦτος</span> <span class='ocrx_word' id='word_1_132' title='bbox 1113 1363 1167 1405; x_wconf 78' lang='grc' dir='ltr'>ὢν</span> <span class='ocrx_word' id='word_1_133' title='bbox 1187 1366 1228 1405; x_wconf 87' lang='grc' dir='ltr'>ἐν</span> <span class='ocrx_word' id='word_1_134' title='bbox 1248 1363 1422 1406; x_wconf 82' lang='grc' dir='ltr'>ἁπάσαις</span> <span class='ocrx_word' id='word_1_135' title='bbox 1441 1365 1502 1405; x_wconf 81' lang='grc' dir='ltr'>ἀεὶ</span> <span class='ocrx_word' id='word_1_136' title='bbox 1531 1369 1577 1411; x_wconf 78' lang='lat'>64</span> 
     </span>
     <span class='ocr_line' id='line_1_21' title="bbox 169 1431 1501 1488; baseline -0.001 -16"><span class='ocrx_word' id='word_1_137' title='bbox 169 1436 250 1488; x_wconf 81' lang='grc' dir='ltr'>βοᾷ</span> <span class='ocrx_word' id='word_1_138' title='bbox 274 1436 360 1474; x_wconf 85' lang='grc' dir='ltr'>ταῖς</span> <span class='ocrx_word' id='word_1_139' title='bbox 385 1433 614 1483; x_wconf 86' lang='grc' dir='ltr'>ἐκκλησίαις</span> <span class='ocrx_word' id='word_1_140' title='bbox 640 1435 650 1449; x_wconf 85' lang='lat'><em>‘</em></span> <span class='ocrx_word' id='word_1_141' title='bbox 667 1433 745 1485; x_wconf 87' lang='grc' dir='ltr'>ἐγὼ</span> <span class='ocrx_word' id='word_1_142' title='bbox 773 1433 893 1483; x_wconf 87' lang='grc' dir='ltr'>μόνος</span> <span class='ocrx_word' id='word_1_143' title='bbox 922 1432 1055 1474; x_wconf 81' lang='grc' dir='ltr'>εὔνους</span> <span class='ocrx_word' id='word_1_144' title='bbox 1084 1433 1187 1482; x_wconf 82' lang='grc' dir='ltr'>ὑμῖν·</span> <span class='ocrx_word' id='word_1_145' title='bbox 1225 1431 1370 1473; x_wconf 87' lang='grc' dir='ltr'>πάντες</span> <span class='ocrx_word' id='word_1_146' title='bbox 1394 1431 1501 1472; x_wconf 75' lang='grc' dir='ltr'>οὗτοι</span> 
     </span>
     <span class='ocr_line' id='line_1_22' title="bbox 171 1497 1500 1552; baseline 0 -14"><span class='ocrx_word' id='word_1_147' title='bbox 171 1502 428 1540; x_wconf 79' lang='grc' dir='ltr'>συνεστᾶσιν·</span> <span class='ocrx_word' id='word_1_148' title='bbox 467 1499 722 1551; x_wconf 84' lang='grc' dir='ltr'>προδέδοσθε·</span> <span class='ocrx_word' id='word_1_149' title='bbox 759 1499 782 1548; x_wconf 83' lang='grc' dir='ltr'>ἡ</span> <span class='ocrx_word' id='word_1_150' title='bbox 809 1498 899 1552; x_wconf 84' lang='grc' dir='ltr'>παρ’</span> <span class='ocrx_word' id='word_1_151' title='bbox 926 1499 1013 1550; x_wconf 86' lang='grc' dir='ltr'>ἐμοὶ</span> <span class='ocrx_word' id='word_1_152' title='bbox 1044 1499 1167 1549; x_wconf 90' lang='grc' dir='ltr'>μόνον</span> <span class='ocrx_word' id='word_1_153' title='bbox 1197 1499 1328 1538; x_wconf 76' lang='grc' dir='ltr'>εὔνοια</span> <span class='ocrx_word' id='word_1_154' title='bbox 1351 1497 1500 1548; x_wconf 82' lang='grc' dir='ltr'>λοιπή.’</span> 
     </span>
    </p>

    <p class='ocr_par' dir='ltr' id='par_1_9' title="bbox 112 1564 1647 2093">
     <span class='ocr_line' id='line_1_23' title="bbox 112 1564 1500 1619; baseline -0.002 -12"><span class='ocrx_word' id='word_1_155' title='bbox 112 1586 152 1608; x_wconf 90' lang='lat'>20</span> <span class='ocrx_word' id='word_1_156' title='bbox 169 1566 371 1617; x_wconf 82' lang='grc' dir='ltr'>βούλομαι</span> <span class='ocrx_word' id='word_1_157' title='bbox 397 1565 443 1616; x_wconf 76' lang='grc' dir='ltr'>δὴ</span> <span class='ocrx_word' id='word_1_158' title='bbox 462 1566 533 1616; x_wconf 78' lang='grc' dir='ltr'>τὴν</span> <span class='ocrx_word' id='word_1_159' title='bbox 554 1568 737 1619; x_wconf 82' lang='grc' dir='ltr'>σφοδρὰν</span> <span class='ocrx_word' id='word_1_160' title='bbox 758 1566 819 1606; x_wconf 84' lang='grc' dir='ltr'>καὶ</span> <span class='ocrx_word' id='word_1_161' title='bbox 843 1565 1023 1618; x_wconf 84' lang='grc' dir='ltr'>μεγάλην</span> <span class='ocrx_word' id='word_1_162' title='bbox 1044 1565 1199 1606; x_wconf 78' lang='grc' dir='ltr'>εὔνοιαν</span> <span class='ocrx_word' id='word_1_163' title='bbox 1218 1564 1337 1605; x_wconf 81' lang='grc' dir='ltr'>αὐτοῦ</span> <span class='ocrx_word' id='word_1_164' title='bbox 1355 1565 1500 1615; x_wconf 88' lang='grc' dir='ltr'>ταύτην</span> 
     </span>
     <span class='ocr_line' id='line_1_24' title="bbox 169 1631 1499 1686; baseline 0 -14"><span class='ocrx_word' id='word_1_165' title='bbox 169 1632 367 1683; x_wconf 80' lang='grc' dir='ltr'>ἐξετάσαι,</span> <span class='ocrx_word' id='word_1_166' title='bbox 395 1634 518 1673; x_wconf 86' lang='grc' dir='ltr'>πόθεν</span> <span class='ocrx_word' id='word_1_167' title='bbox 543 1633 631 1673; x_wconf 89' lang='grc' dir='ltr'>ἐστὶ</span> <span class='ocrx_word' id='word_1_168' title='bbox 656 1633 719 1673; x_wconf 84' lang='grc' dir='ltr'>καὶ</span> <span class='ocrx_word' id='word_1_169' title='bbox 746 1635 787 1673; x_wconf 89' lang='grc' dir='ltr'>ἐκ</span> <span class='ocrx_word' id='word_1_170' title='bbox 812 1634 917 1674; x_wconf 88' lang='grc' dir='ltr'>τίνος</span> <span class='ocrx_word' id='word_1_171' title='bbox 942 1633 1043 1686; x_wconf 79' lang='grc' dir='ltr'>αὐτῷ</span> <span class='ocrx_word' id='word_1_172' title='bbox 1068 1635 1266 1684; x_wconf 86' lang='grc' dir='ltr'>γεγονυῖα,</span> <span class='ocrx_word' id='word_1_173' title='bbox 1292 1631 1342 1672; x_wconf 78' lang='grc' dir='ltr'>ἵν’</span> <span class='ocrx_word' id='word_1_174' title='bbox 1369 1633 1403 1672; x_wconf 84' lang='grc' dir='ltr'>εἰ</span> <span class='ocrx_word' id='word_1_175' title='bbox 1426 1632 1499 1682; x_wconf 86' lang='grc' dir='ltr'>μέν</span> 
     </span>
     <span class='ocr_line' id='line_1_25' title="bbox 171 1698 1494 1756; baseline -0.001 -17"><span class='ocrx_word' id='word_1_176' title='bbox 171 1701 258 1739; x_wconf 89' lang='grc' dir='ltr'>ἐστι</span> <span class='ocrx_word' id='word_1_177' title='bbox 286 1700 457 1750; x_wconf 83' lang='grc' dir='ltr'>τοιαύτη,</span> <span class='ocrx_word' id='word_1_178' title='bbox 484 1699 628 1752; x_wconf 77' lang='grc' dir='ltr'>χρῆσθ’</span> <span class='ocrx_word' id='word_1_179' title='bbox 653 1699 749 1756; x_wconf 76' lang='grc' dir='ltr'>αὐτῇ</span> <span class='ocrx_word' id='word_1_180' title='bbox 774 1700 837 1740; x_wconf 88' lang='grc' dir='ltr'>καὶ</span> <span class='ocrx_word' id='word_1_181' title='bbox 867 1700 1091 1749; x_wconf 87' lang='grc' dir='ltr'>πιστεύητε,</span> <span class='ocrx_word' id='word_1_182' title='bbox 1119 1700 1151 1739; x_wconf 83' lang='grc' dir='ltr'>εἰ</span> <span class='ocrx_word' id='word_1_183' title='bbox 1181 1701 1222 1739; x_wconf 83' lang='grc' dir='ltr'>δὲ</span> <span class='ocrx_word' id='word_1_184' title='bbox 1251 1698 1317 1749; x_wconf 83' lang='grc' dir='ltr'>μή,</span> <span class='ocrx_word' id='word_1_185' title='bbox 1344 1698 1494 1751; x_wconf 86' lang='grc' dir='ltr'>φυλάτ-</span> 
     </span>
     <span class='ocr_line' id='line_1_26' title="bbox 169 1747 1647 1838; baseline 0 -33"><span class='ocrx_word' id='word_1_186' title='bbox 169 1768 304 1816; x_wconf 87' lang='grc' dir='ltr'>τησθε.</span> <span class='ocrx_word' id='word_1_187' title='bbox 375 1767 542 1818; x_wconf 86' lang='grc' dir='ltr'>πότερον</span> <span class='ocrx_word' id='word_1_188' title='bbox 566 1765 655 1818; x_wconf 84' lang='grc' dir='ltr'>γάρ,</span> <span class='ocrx_word' id='word_1_189' title='bbox 683 1768 743 1806; x_wconf 88' lang='grc' dir='ltr'>ὅτι</span> <span class='ocrx_word' id='word_1_190' title='bbox 767 1770 836 1807; x_wconf 81' lang='grc' dir='ltr'>τοῦ</span> <span class='ocrx_word' id='word_1_191' title='bbox 865 1765 1010 1817; x_wconf 86' lang='grc' dir='ltr'>πατρὸς</span> <span class='ocrx_word' id='word_1_192' title='bbox 1041 1765 1159 1805; x_wconf 84' lang='grc' dir='ltr'>αὐτοῦ</span> <span class='ocrx_word' id='word_1_193' title='bbox 1188 1765 1358 1805; x_wconf 86' lang='grc' dir='ltr'>θάνατον</span> <span class='ocrx_word' id='word_1_194' title='bbox 1384 1765 1494 1806; x_wconf 85' lang='grc' dir='ltr'>κατέ-</span> <span class='ocrx_word' id='word_1_195' title='bbox 1527 1747 1647 1838; x_wconf 73' lang='lat'>[679⁰]</span> 
     </span>
     <span class='ocr_line' id='line_1_27' title="bbox 169 1813 1570 1885; baseline 0 -13"><span class='ocrx_word' id='word_1_196' title='bbox 169 1849 295 1885; x_wconf 85' lang='grc' dir='ltr'>γνωτε</span> <span class='ocrx_word' id='word_1_197' title='bbox 313 1833 374 1873; x_wconf 87' lang='grc' dir='ltr'>καὶ</span> <span class='ocrx_word' id='word_1_198' title='bbox 389 1833 461 1883; x_wconf 76' lang='grc' dir='ltr'>τὴν</span> <span class='ocrx_word' id='word_1_199' title='bbox 479 1833 613 1885; x_wconf 87' lang='grc' dir='ltr'>μητέρ’</span> <span class='ocrx_word' id='word_1_200' title='bbox 629 1830 775 1884; x_wconf 78' lang='grc' dir='ltr'>[αὐτοῦ]</span> <span class='ocrx_word' id='word_1_201' title='bbox 791 1834 1000 1884; x_wconf 86' lang='grc' dir='ltr'>ὀφλοῦσαν</span> <span class='ocrx_word' id='word_1_202' title='bbox 1015 1833 1264 1873; x_wconf 82' lang='grc' dir='ltr'>ἀποστασίου</span> <span class='ocrx_word' id='word_1_203' title='bbox 1284 1830 1496 1877; x_wconf 82' lang='grc' dir='ltr'>ἀπέδοσθε,</span> <span class='ocrx_word' id='word_1_204' title='bbox 1554 1813 1570 1848; x_wconf 69' lang='grc'>5</span> 
     </span>
     <span class='ocr_line' id='line_1_28' title="bbox 114 1898 1498 1951; baseline -0.001 -11"><span class='ocrx_word' id='word_1_205' title='bbox 114 1919 150 1950; x_wconf 87' lang='lat'>25</span> <span class='ocrx_word' id='word_1_206' title='bbox 170 1902 231 1940; x_wconf 79' lang='grc' dir='ltr'>διὰ</span> <span class='ocrx_word' id='word_1_207' title='bbox 251 1901 357 1940; x_wconf 83' lang='grc' dir='ltr'>ταῦτ’</span> <span class='ocrx_word' id='word_1_208' title='bbox 373 1899 491 1940; x_wconf 81' lang='grc' dir='ltr'>αὐτὸν</span> <span class='ocrx_word' id='word_1_209' title='bbox 506 1901 597 1951; x_wconf 84' lang='grc' dir='ltr'>ὑμῖν</span> <span class='ocrx_word' id='word_1_210' title='bbox 617 1900 753 1940; x_wconf 82' lang='grc' dir='ltr'>εὔνουν</span> <span class='ocrx_word' id='word_1_211' title='bbox 772 1899 1071 1950; x_wconf 81' lang='grc' dir='ltr'>ὑπολαμβάνετ’</span> <span class='ocrx_word' id='word_1_212' title='bbox 1088 1898 1207 1945; x_wconf 58' lang='lat' dir='ltr'>(Tum,-</span> <span class='ocrx_word' id='word_1_213' title='bbox 1242 1898 1333 1938; x_wconf 80' lang='grc' dir='ltr'>ἀλλ’</span> <span class='ocrx_word' id='word_1_214' title='bbox 1349 1898 1498 1939; x_wconf 79' lang='grc' dir='ltr'>ἄτοπον</span> 
     </span>
     <span class='ocr_line' id='line_1_29' title="bbox 213 2007 1500 2050; baseline 0.001 -12"><span class='ocrx_word' id='word_1_215' title='bbox 213 2019 232 2038; x_wconf 82' lang='lat'>2</span> <span class='ocrx_word' id='word_1_216' title='bbox 269 2009 366 2041; x_wconf 82' lang='grc' dir='ltr'>αὐτὸν</span> <span class='ocrx_word' id='word_1_217' title='bbox 394 2013 469 2048; x_wconf 82' lang='lat' dir='ltr'>post</span> <span class='ocrx_word' id='word_1_218' title='bbox 502 2010 665 2050; x_wconf 78' lang='grc' dir='ltr'>ἄνθρωπον</span> <span class='ocrx_word' id='word_1_219' title='bbox 694 2008 771 2040; x_wconf 87' lang='lat' dir='ltr'><strong>add.</strong></span> <span class='ocrx_word' id='word_1_220' title='bbox 803 2008 917 2047; x_wconf 85' lang='lat' dir='ltr'><strong>vulg.:</strong></span> <span class='ocrx_word' id='word_1_221' title='bbox 956 2018 1020 2038; x_wconf 84' lang='lat' dir='ltr'>om.</span> <span class='ocrx_word' id='word_1_222' title='bbox 1052 2007 1076 2039; x_wconf 82' lang='lat' dir='ltr'>S</span> <span class='ocrx_word' id='word_1_223' title='bbox 1108 2008 1200 2038; x_wconf 77' lang='lat' dir='ltr'>solus</span> <span class='ocrx_word' id='word_1_224' title='bbox 1322 2009 1500 2040; x_wconf 79' lang='grc' dir='ltr'>κατεσθίων</span> 
     </span>
     <span class='ocr_line' id='line_1_30' title="bbox 171 2051 1500 2093; baseline 0.001 -11"><span class='ocrx_word' id='word_1_225' title='bbox 171 2052 335 2091; x_wconf 81' lang='lat' dir='ltr'><strong>Hermog.</strong></span> <span class='ocrx_word' id='word_1_226' title='bbox 365 2053 428 2083; x_wconf 81' lang='lat' dir='ltr'>Rh.</span> <span class='ocrx_word' id='word_1_227' title='bbox 457 2052 514 2083; x_wconf 87' lang='lat' dir='ltr'>Gr.</span> <span class='ocrx_word' id='word_1_228' title='bbox 544 2053 575 2082; x_wconf 80' lang='lat' dir='ltr'>iii</span> <span class='ocrx_word' id='word_1_229' title='bbox 601 2054 664 2091; x_wconf 84' lang='lat'>236</span> <span class='ocrx_word' id='word_1_230' title='bbox 822 2062 841 2091; x_wconf 91' lang='lat'>5</span> <span class='ocrx_word' id='word_1_231' title='bbox 872 2052 904 2093; x_wconf 78' lang='grc' dir='ltr'>γ’</span> <span class='ocrx_word' id='word_1_232' title='bbox 929 2061 995 2083; x_wconf 86' lang='lat' dir='ltr'>om.</span> <span class='ocrx_word' id='word_1_233' title='bbox 1022 2051 1088 2082; x_wconf 83' lang='lat' dir='ltr'>SY</span> <span class='ocrx_word' id='word_1_234' title='bbox 1199 2052 1241 2083; x_wconf 81' lang='grc' dir='ltr'>τὰ</span> <span class='ocrx_word' id='word_1_235' title='bbox 1264 2056 1344 2081; x_wconf 86' lang='lat' dir='ltr'>ante</span> <span class='ocrx_word' id='word_1_236' title='bbox 1368 2053 1500 2083; x_wconf 83' lang='grc' dir='ltr'>τοιαῦτα</span> 
     </span>
    </p>
   </div>
   <div class='ocr_carea' id='block_1_8' title="bbox 170 2094 1500 2482">
    <p class='ocr_par' dir='ltr' id='par_1_10' title="bbox 170 2094 1500 2482">
     <span class='ocr_line' id='line_1_31' title="bbox 170 2094 1499 2136; baseline -0.002 -10"><span class='ocrx_word' id='word_1_237' title='bbox 170 2097 244 2126; x_wconf 86' lang='lat' dir='ltr'>add.</span> <span class='ocrx_word' id='word_1_238' title='bbox 276 2096 306 2125; x_wconf 88' lang='lat' dir='ltr'>A</span> <span class='ocrx_word' id='word_1_239' title='bbox 323 2096 366 2126; x_wconf 88' lang='lat' dir='ltr'>F:</span> <span class='ocrx_word' id='word_1_240' title='bbox 405 2105 469 2126; x_wconf 85' lang='lat' dir='ltr'>om.</span> <span class='ocrx_word' id='word_1_241' title='bbox 500 2095 609 2126; x_wconf 83' lang='lat' dir='ltr'>SYO</span> <span class='ocrx_word' id='word_1_242' title='bbox 777 2105 816 2126; x_wconf 89' lang='lat'>10</span> <span class='ocrx_word' id='word_1_243' title='bbox 845 2095 1000 2136; x_wconf 81' lang='grc' dir='ltr'>ἐσχάτοις</span> <span class='ocrx_word' id='word_1_244' title='bbox 1034 2094 1210 2125; x_wconf 85' lang='lat' dir='ltr'><strong>SAYO:</strong></span> <span class='ocrx_word' id='word_1_245' title='bbox 1254 2095 1439 2135; x_wconf 73' lang='grc' dir='ltr'>αἰσχίστοις</span> <span class='ocrx_word' id='word_1_246' title='bbox 1476 2095 1499 2124; x_wconf 98' lang='lat' dir='ltr'>F</span> 
     </span>
     <span class='ocr_line' id='line_1_32' title="bbox 173 2137 1497 2179; baseline 0 -10"><span class='ocrx_word' id='word_1_247' title='bbox 173 2149 206 2169; x_wconf 90' lang='lat'>11</span> <span class='ocrx_word' id='word_1_248' title='bbox 248 2138 411 2179; x_wconf 80' lang='grc' dir='ltr'>τοσούτῳ]</span> <span class='ocrx_word' id='word_1_249' title='bbox 445 2140 527 2171; x_wconf 79' lang='grc' dir='ltr'>οὕτω</span> <span class='ocrx_word' id='word_1_250' title='bbox 558 2139 590 2169; x_wconf 84' lang='grc' dir='ltr'>Α</span> <span class='ocrx_word' id='word_1_251' title='bbox 716 2139 795 2171; x_wconf 81' lang='grc' dir='ltr'>εἶναι</span> <span class='ocrx_word' id='word_1_252' title='bbox 827 2149 892 2169; x_wconf 87' lang='lat' dir='ltr'>om.</span> <span class='ocrx_word' id='word_1_253' title='bbox 925 2139 950 2168; x_wconf 94' lang='lat' dir='ltr'>F</span> <span class='ocrx_word' id='word_1_254' title='bbox 1122 2139 1160 2168; x_wconf 88' lang='lat'>16</span> <span class='ocrx_word' id='word_1_255' title='bbox 1198 2137 1372 2179; x_wconf 79' lang='grc' dir='ltr'>ἀκάθαρτος</span> <span class='ocrx_word' id='word_1_256' title='bbox 1406 2161 1413 2168; x_wconf 80' lang='grc'><strong>.</strong></span> <span class='ocrx_word' id='word_1_257' title='bbox 1449 2163 1455 2169; x_wconf 92' lang='grc'>.</span> <span class='ocrx_word' id='word_1_258' title='bbox 1491 2164 1497 2169; x_wconf 96' lang='grc'><em>.</em></span> 
     </span>
     <span class='ocr_line' id='line_1_33' title="bbox 173 2180 1499 2223; baseline -0.002 -9"><span class='ocrx_word' id='word_1_259' title='bbox 173 2186 188 2219; x_wconf 57' lang='grc' dir='ltr'>ᾗ</span> <span class='ocrx_word' id='word_1_260' title='bbox 206 2184 247 2221; x_wconf 90' lang='lat'>67</span> <span class='ocrx_word' id='word_1_261' title='bbox 266 2182 466 2223; x_wconf 78' lang='grc' dir='ltr'>κατέγνωτε]</span> <span class='ocrx_word' id='word_1_262' title='bbox 486 2182 567 2222; x_wconf 89' lang='lat' dir='ltr'>Pap.</span> <span class='ocrx_word' id='word_1_263' title='bbox 585 2181 671 2213; x_wconf 83' lang='lat' dir='ltr'>Mus.</span> <span class='ocrx_word' id='word_1_264' title='bbox 695 2182 776 2212; x_wconf 79' lang='lat' dir='ltr'><strong>Brit.</strong></span> <span class='ocrx_word' id='word_1_265' title='bbox 796 2182 884 2214; x_wconf 90' lang='lat' dir='ltr'><strong>Add.</strong></span> <span class='ocrx_word' id='word_1_266' title='bbox 907 2181 982 2212; x_wconf 84' lang='lat' dir='ltr'>MS.</span> <span class='ocrx_word' id='word_1_267' title='bbox 999 2191 1106 2221; x_wconf 85' lang='lat'><strong>34473</strong></span> <span class='ocrx_word' id='word_1_268' title='bbox 1252 2191 1289 2219; x_wconf 92' lang='lat'>17</span> <span class='ocrx_word' id='word_1_269' title='bbox 1315 2180 1379 2222; x_wconf 82' lang='grc' dir='ltr'>ἀεὶ]</span> <span class='ocrx_word' id='word_1_270' title='bbox 1398 2194 1457 2213; x_wconf 86' lang='grc' dir='ltr'>αιει</span> <span class='ocrx_word' id='word_1_271' title='bbox 1475 2182 1499 2211; x_wconf 84' lang='lat' dir='ltr'>S</span> 
     </span>
     <span class='ocr_line' id='line_1_34' title="bbox 174 2224 1500 2265; baseline -0.002 -9"><span class='ocrx_word' id='word_1_272' title='bbox 174 2226 254 2265; x_wconf 87' lang='lat' dir='ltr'>Pap.</span> <span class='ocrx_word' id='word_1_273' title='bbox 437 2227 475 2256; x_wconf 84' lang='lat'>18</span> <span class='ocrx_word' id='word_1_274' title='bbox 501 2228 608 2257; x_wconf 82' lang='grc' dir='ltr'>εὔνους</span> <span class='ocrx_word' id='word_1_275' title='bbox 627 2228 698 2264; x_wconf 82' lang='grc' dir='ltr'>ὑμῖν</span> <span class='ocrx_word' id='word_1_276' title='bbox 716 2225 739 2255; x_wconf 87' lang='lat' dir='ltr'>S</span> <span class='ocrx_word' id='word_1_277' title='bbox 753 2224 782 2254; x_wconf 86' lang='lat' dir='ltr'>Y</span> <span class='ocrx_word' id='word_1_278' title='bbox 795 2224 826 2255; x_wconf 92' lang='lat' dir='ltr'>O</span> <span class='ocrx_word' id='word_1_279' title='bbox 842 2236 848 2255; x_wconf 74' lang='grc' dir='ltr'>ε</span> <span class='ocrx_word' id='word_1_280' title='bbox 873 2227 945 2264; x_wconf 81' lang='grc' dir='ltr'>ὑμῖν</span> <span class='ocrx_word' id='word_1_281' title='bbox 961 2228 1097 2265; x_wconf 83' lang='grc' dir='ltr'>διαμενῶ</span> <span class='ocrx_word' id='word_1_282' title='bbox 1115 2224 1145 2254; x_wconf 88' lang='grc' dir='ltr'><strong>Α</strong></span> <span class='ocrx_word' id='word_1_283' title='bbox 1160 2236 1167 2255; x_wconf 77' lang='lat' dir='ltr'><strong><em>z</em></strong></span> <span class='ocrx_word' id='word_1_284' title='bbox 1191 2224 1240 2256; x_wconf 79' lang='grc' dir='ltr'>ἔτι</span> <span class='ocrx_word' id='word_1_285' title='bbox 1256 2225 1368 2256; x_wconf 77' lang='grc' dir='ltr'>λοιπὸς</span> <span class='ocrx_word' id='word_1_286' title='bbox 1385 2226 1457 2264; x_wconf 81' lang='grc' dir='ltr'>ὑμῖν</span> <span class='ocrx_word' id='word_1_287' title='bbox 1474 2225 1500 2254; x_wconf 98' lang='lat' dir='ltr'>F</span> 
     </span>
     <span class='ocr_line' id='line_1_35' title="bbox 171 2267 1499 2309; baseline -0.002 -10"><span class='ocrx_word' id='word_1_288' title='bbox 171 2275 205 2300; x_wconf 86' lang='lat' dir='ltr'>et</span> <span class='ocrx_word' id='word_1_289' title='bbox 222 2280 289 2300; x_wconf 83' lang='lat' dir='ltr'>see.</span> <span class='ocrx_word' id='word_1_290' title='bbox 307 2269 450 2308; x_wconf 84' lang='lat' dir='ltr'>spatium</span> <span class='ocrx_word' id='word_1_291' title='bbox 470 2269 549 2309; x_wconf 83' lang='lat' dir='ltr'><strong>Pap.</strong></span> <span class='ocrx_word' id='word_1_292' title='bbox 570 2280 576 2298; x_wconf 83' lang='lat' dir='ltr'>z</span> <span class='ocrx_word' id='word_1_293' title='bbox 602 2271 673 2308; x_wconf 81' lang='grc' dir='ltr'>ὑμῖν</span> <span class='ocrx_word' id='word_1_294' title='bbox 689 2268 780 2299; x_wconf 84' lang='lat' dir='ltr'>Weil</span> <span class='ocrx_word' id='word_1_295' title='bbox 902 2279 941 2307; x_wconf 90' lang='lat'>19</span> <span class='ocrx_word' id='word_1_296' title='bbox 966 2269 1016 2300; x_wconf 82' lang='grc' dir='ltr'>ἐπ’</span> <span class='ocrx_word' id='word_1_297' title='bbox 1034 2268 1089 2308; x_wconf 87' lang='grc' dir='ltr'>ἐμὲ</span> <span class='ocrx_word' id='word_1_298' title='bbox 1107 2273 1183 2307; x_wconf 81' lang='lat' dir='ltr'>post</span> <span class='ocrx_word' id='word_1_299' title='bbox 1201 2270 1398 2300; x_wconf 82' lang='grc' dir='ltr'>συνεστᾶσιν</span> <span class='ocrx_word' id='word_1_300' title='bbox 1416 2267 1447 2298; x_wconf 92' lang='grc' dir='ltr'><strong>Α</strong></span> <span class='ocrx_word' id='word_1_301' title='bbox 1464 2273 1499 2298; x_wconf 86' lang='lat' dir='ltr'>et</span> 
     </span>
     <span class='ocr_line' id='line_1_36' title="bbox 171 2311 1500 2352; baseline 0 -9"><span class='ocrx_word' id='word_1_302' title='bbox 171 2323 238 2343; x_wconf 82' lang='lat' dir='ltr'><strong>sec.</strong></span> <span class='ocrx_word' id='word_1_303' title='bbox 258 2313 402 2351; x_wconf 86' lang='lat' dir='ltr'>spatium</span> <span class='ocrx_word' id='word_1_304' title='bbox 420 2312 500 2351; x_wconf 84' lang='lat' dir='ltr'><strong>Pap.</strong></span> <span class='ocrx_word' id='word_1_305' title='bbox 616 2314 692 2351; x_wconf 80' lang='grc' dir='ltr'>ἐμοῦ</span> <span class='ocrx_word' id='word_1_306' title='bbox 708 2311 809 2342; x_wconf 91' lang='lat' dir='ltr'>Wolf</span> <span class='ocrx_word' id='word_1_307' title='bbox 951 2322 994 2342; x_wconf 87' lang='lat'>20</span> <span class='ocrx_word' id='word_1_308' title='bbox 1017 2312 1072 2351; x_wconf 77' lang='grc' dir='ltr'>δὴ]</span> <span class='ocrx_word' id='word_1_309' title='bbox 1091 2312 1126 2343; x_wconf 85' lang='grc' dir='ltr'>δὲ</span> <span class='ocrx_word' id='word_1_310' title='bbox 1145 2311 1169 2341; x_wconf 88' lang='lat' dir='ltr'>F</span> <span class='ocrx_word' id='word_1_311' title='bbox 1187 2311 1267 2351; x_wconf 79' lang='lat' dir='ltr'>Pap.</span> <span class='ocrx_word' id='word_1_312' title='bbox 1375 2311 1500 2352; x_wconf 81' lang='grc' dir='ltr'>σφόδρα</span> 
     </span>
     <span class='ocr_line' id='line_1_37' title="bbox 174 2354 1498 2395; baseline -0.002 -9"><span class='ocrx_word' id='word_1_313' title='bbox 174 2356 199 2386; x_wconf 87' lang='lat' dir='ltr'>F</span> <span class='ocrx_word' id='word_1_314' title='bbox 216 2356 296 2395; x_wconf 89' lang='lat' dir='ltr'>Pap.</span> <span class='ocrx_word' id='word_1_315' title='bbox 487 2366 525 2386; x_wconf 87' lang='lat'>21</span> <span class='ocrx_word' id='word_1_316' title='bbox 552 2357 593 2388; x_wconf 82' lang='grc' dir='ltr'>ὡς</span> <span class='ocrx_word' id='word_1_317' title='bbox 610 2357 735 2394; x_wconf 82' lang='grc' dir='ltr'>ἀληθῶς</span> <span class='ocrx_word' id='word_1_318' title='bbox 753 2360 828 2395; x_wconf 84' lang='lat' dir='ltr'>post</span> <span class='ocrx_word' id='word_1_319' title='bbox 845 2355 932 2387; x_wconf 85' lang='grc' dir='ltr'>τίνος</span> <span class='ocrx_word' id='word_1_320' title='bbox 948 2355 1022 2386; x_wconf 84' lang='lat' dir='ltr'>add.</span> <span class='ocrx_word' id='word_1_321' title='bbox 1043 2355 1074 2385; x_wconf 87' lang='lat' dir='ltr'><strong>A</strong></span> <span class='ocrx_word' id='word_1_322' title='bbox 1087 2355 1111 2385; x_wconf 87' lang='lat' dir='ltr'>F</span> <span class='ocrx_word' id='word_1_323' title='bbox 1123 2355 1153 2385; x_wconf 95' lang='lat' dir='ltr'>O</span> <span class='ocrx_word' id='word_1_324' title='bbox 1174 2355 1251 2394; x_wconf 85' lang='lat' dir='ltr'>Pap.</span> <span class='ocrx_word' id='word_1_325' title='bbox 1269 2366 1274 2385; x_wconf 89' lang='lat'>:</span> <span class='ocrx_word' id='word_1_326' title='bbox 1308 2364 1372 2385; x_wconf 89' lang='lat' dir='ltr'>om.</span> <span class='ocrx_word' id='word_1_327' title='bbox 1393 2354 1416 2385; x_wconf 89' lang='lat' dir='ltr'>S</span> <span class='ocrx_word' id='word_1_328' title='bbox 1429 2355 1459 2384; x_wconf 85' lang='lat' dir='ltr'><strong>Y</strong></span> <span class='ocrx_word' id='word_1_329' title='bbox 1473 2354 1498 2384; x_wconf 84' lang='grc' dir='ltr'>Ρ</span> 
     </span>
     <span class='ocr_line' id='line_1_38' title="bbox 171 2397 1496 2438; baseline -0.001 -9"><span class='ocrx_word' id='word_1_330' title='bbox 171 2410 211 2438; x_wconf 87' lang='lat'>24</span> <span class='ocrx_word' id='word_1_331' title='bbox 238 2401 334 2431; x_wconf 78' lang='grc' dir='ltr'>αὐτοῦ</span> <span class='ocrx_word' id='word_1_332' title='bbox 350 2399 429 2430; x_wconf 75' lang='lat' dir='ltr'>secl.</span> <span class='ocrx_word' id='word_1_333' title='bbox 453 2399 669 2430; x_wconf 86' lang='lat' dir='ltr'>Herwerden</span> <span class='ocrx_word' id='word_1_334' title='bbox 790 2408 831 2437; x_wconf 85' lang='lat'>25</span> <span class='ocrx_word' id='word_1_335' title='bbox 857 2401 966 2430; x_wconf 76' lang='grc' dir='ltr'>εὔνουν</span> <span class='ocrx_word' id='word_1_336' title='bbox 982 2403 1060 2429; x_wconf 86' lang='lat' dir='ltr'>ante</span> <span class='ocrx_word' id='word_1_337' title='bbox 1079 2398 1327 2438; x_wconf 83' lang='grc' dir='ltr'>ὑπολαμβάνετε</span> <span class='ocrx_word' id='word_1_338' title='bbox 1346 2397 1369 2428; x_wconf 83' lang='lat' dir='ltr'>S</span> <span class='ocrx_word' id='word_1_339' title='bbox 1381 2398 1411 2428; x_wconf 89' lang='lat' dir='ltr'><strong>A</strong></span> <span class='ocrx_word' id='word_1_340' title='bbox 1424 2398 1452 2428; x_wconf 75' lang='lat' dir='ltr'>Y</span> <span class='ocrx_word' id='word_1_341' title='bbox 1466 2398 1496 2428; x_wconf 96' lang='lat' dir='ltr'>O</span> 
     </span>
     <span class='ocr_line' id='line_1_39' title="bbox 173 2442 693 2482; baseline 0 -10"><span class='ocrx_word' id='word_1_342' title='bbox 173 2442 252 2482; x_wconf 80' lang='lat' dir='ltr'>Pap.</span> <span class='ocrx_word' id='word_1_343' title='bbox 272 2454 277 2472; x_wconf 73' lang='grc' dir='ltr'><em>τ</em></span> <span class='ocrx_word' id='word_1_344' title='bbox 304 2448 379 2482; x_wconf 86' lang='lat' dir='ltr'>post</span> <span class='ocrx_word' id='word_1_345' title='bbox 397 2442 645 2482; x_wconf 81' lang='grc' dir='ltr'>ὑπολαμβάνετε</span> <span class='ocrx_word' id='word_1_346' title='bbox 669 2442 693 2472; x_wconf 90' lang='lat' dir='ltr'>F</span> 
     </span>
    </p>
   </div>
  </div>
 </body>
</html>
