1737 2734
119 134 238 187 [706]

194 731 211 754 1,)

217 731 234 754 Ν

124 877 235 930 [707]

191 1167 208 1190 h)

216 1166 234 1199 &aa

189 1731 234 1763 24

695 134 1179 174 ΔΗΜΟΣΘΕΝΟΤΣ
1480 131 1597 185 [xxm⁷

270 233 292 279 ἡ
324 231 353 269 δ’
384 233 533 280 ὑστέρα,
564 233 635 283 ὅτῳ
666 233 718 280 μὴ
753 232 935 269 δοκοῦσιν·
970 231 1046 269 εἶτα
1079 235 1150 269 τῶν
1184 235 1310 270 κοινῶν
1342 236 1434 271 κατὰ
1472 235 1597 272 ταῦπί.

270 286 336 334 τὴν
367 285 396 323 δ’
428 288 714 336 ἐπιχειροτονίαν
747 286 836 323 εἶναι
866 289 936 323 τῶν
968 287 1088 335 νόμων
1120 289 1212 324 κατὰ
1242 287 1324 327 τοὺς
1354 289 1486 337 νόμους
1516 289 1600 328 τοὺς

271 341 465 388 κειμένους.
524 342 586 377 ἐὰν
607 340 647 377 δέ
671 357 764 380 τινες
783 343 853 377 τῶν
880 341 999 389 νόμων
1025 343 1096 378 τῶν
1121 341 1291 389 κειμένων
1313 343 1598 392 ἀποχειροτονη-

271 394 374 437 θῶσι,
396 395 478 433 τοὺς
502 395 703 442 πρυτάνεις,
726 393 784 441 ἐφ’
812 394 859 431 ὧν
887 394 930 431 ἂν
957 395 979 443 ἡ
1007 395 1273 445 ἐπιχειροτονία
1296 396 1456 446 γένηται,
1481 399 1598 434 ποιεῖν

270 449 352 496 περὶ
381 451 450 485 τῶν
475 448 878 498 ἀποχειροτονηθέντων
901 449 967 496 τὴν
996 450 1208 486 τελευταίαν
1233 452 1302 486 τῶν
1331 453 1438 498 τριῶν
1464 453 1595 518 ἐκκλη-

270 505 370 539 σιῶν·
417 519 500 542 τοις
539 503 576 540 δὲ
616 503 821 551 προέδρους,
857 520 890 539 οι
924 503 966 539 ἂν
1000 504 1211 554 τυγχάνωσι
1249 503 1525 553 προεδρεύοντες
1560 507 1597 541 ἐν

269 557 382 623 ταίτη
402 560 448 606 τῇ
469 557 662 606 ἐκκλησία,
682 557 920 622 χρηματιζειν
944 558 1145 608 ἐπάναγκες
1171 560 1314 622 πρῶτον
1337 559 1430 607 μετὰ
1453 559 1499 595 τὰ
1520 559 1598 607 ἱερὰ

269 611 351 659 περὶ
371 613 442 648 τῶν
462 611 679 659 νομοθετῶν,
697 610 776 648 καθ
796 628 815 648 ο
836 627 869 647 τι
887 610 1131 651 καθεδοῦνται
1150 629 1208 648 κα
1229 612 1311 660 περὶ
1327 615 1391 649 τοῦ
1412 612 1595 680 ἀργυρίου,

269 664 403 702 ὁπόθεν
431 667 507 704 τοῖς
535 665 749 713 ιομοθεταις
779 666 894 702 ἔσται·
932 682 1014 705 τοις
1044 665 1082 703 δὲ
1110 666 1310 714 νομοθέτας
1341 666 1429 703 εἶναι
1459 669 1498 703 ἐκ
1527 669 1597 704 τῶν

269 720 515 783 ὄμωμοκότωι
548 736 612 756 τον
645 720 863 766 ἡλιαστικὸν
897 719 1015 767 ὁρκον.
1086 721 1148 756 ἐὰν
1182 720 1212 757 ὃ
1249 722 1282 757 οἱ
1319 721 1511 768 πρυτάνεις
1544 721 1596 769 μὴ

269 790 457 821 ποιησωσι
491 775 583 810 κατὰ
617 775 662 810 τὰ
696 774 934 824 γεγραμμέια
968 774 1034 822 την
1068 774 1270 821 ἐκκλησιαν
1304 773 1326 822 ὴ
1361 777 1394 812 οἶ
1428 773 1596 823 πρόεδροι

268 828 320 875 μὴ
349 828 624 878 χρηματίσωσι,
655 828 821 875 ὀφείλειν
850 831 919 865 τῶν
948 830 1015 876 μὲν
1047 829 1254 876 πρυτάνεων
1288 829 1444 865 ἕκαστον
1473 828 1597 878 χιλίας

268 881 435 932 δραχμὰς
464 883 561 931 ἱερὰς
590 885 636 932 τῇ
665 881 816 932 Ἀθηνᾷ,
848 885 917 918 τῶν
947 881 985 919 δὲ
1016 881 1199 930 προέδρων
1230 883 1383 922 ἕκαστος
1415 883 1596 930 ὀφειλέτω

269 937 537 985 τετταράκοντα
570 935 737 986 δραχμὰς
772 938 868 984 ἱερὰς
899 938 946 985 τῇ
984 935 1135 985 Ἀθηνᾷ.
1208 937 1267 973 καὶ
1301 936 1446 981 ἔνδειξις
1479 938 1596 974 αὐτῶν

268 992 363 1027 ἔστω
390 991 480 1039 πρὸς
506 991 589 1030 τοὺς
617 989 855 1039 θεσμοθέτας,
878 990 1042 1039 καθάπερ
1070 992 1132 1027 ἐάν
1158 1007 1210 1030 τις
1237 991 1332 1041 ἄρχῃ
1359 991 1522 1037 ὀφείλων
1546 993 1597 1042 τῷ
1643 1007 1657 1036 5

267 1044 446 1095 δημοσίῳ·
479 1047 513 1082 οἱ
540 1044 578 1082 δὲ
604 1044 827 1093 θεσμοθέται
850 1045 933 1084 τοὺς
960 1044 1206 1095 ἐνδειχθέντας
1231 1046 1454 1096 εἰσαγόντων
1479 1047 1528 1084 εἷς
1553 1046 1595 1082 τὸ

267 1098 502 1147 δικαστήριον
523 1101 615 1136 κατὰ
636 1100 699 1136 τὸν
718 1099 841 1148 νόμον,
864 1097 886 1147 ἦ
906 1099 958 1147 μὴ
979 1099 1151 1136 ἀνιόντων
1173 1101 1219 1138 εἰς
1235 1097 1382 1147 ’Ἀρειον
1402 1099 1533 1150 πάγον,
1551 1100 1596 1138 ὡς

268 1154 511 1193 καταλύοντες
531 1154 597 1201 τὴν
618 1153 870 1201 ἐπανόρθωσιν
890 1155 960 1190 τῶν
980 1153 1110 1201 νόμων.
1162 1154 1232 1202 πρὸ
1253 1153 1292 1191 δὲ
1311 1155 1376 1201 τῆς
1397 1153 1597 1201 ἐκκλησίας

267 1209 286 1244 ὁ
305 1209 538 1257 βουλόμενος
558 1206 762 1256 Ἀθηναίων
779 1207 947 1245 ἐκτιθέτω
963 1207 1127 1256 πρόσθεν
1147 1210 1216 1245 τῶν
1237 1209 1431 1256 ἐπωνύμων
1452 1207 1597 1258 γράψας

266 1263 349 1302 τοὺς
368 1263 500 1311 νόμους
521 1262 582 1301 οὓς
603 1261 645 1299 ἂν
666 1261 761 1312 τιθῇ,
778 1263 875 1301 ὅπως
895 1261 938 1299 ἂν
954 1263 1045 1310 πρὸς
1064 1263 1106 1298 τὸ
1127 1261 1270 1310 πλῆθος
1290 1264 1360 1299 τῶν
1381 1262 1598 1299 ἐκτεθέντων

266 1317 385 1365 νόμων
406 1317 619 1365 ψηφίσηται
640 1318 658 1353 ὁ
680 1317 794 1365 δῆμος
813 1316 895 1365 περὶ
915 1318 979 1353 τοῦ
999 1317 1133 1366 χρόνου
1153 1319 1228 1355 τοῖς
1249 1315 1473 1365 νομοθέταις.
1519 1317 1539 1354 ὁ
1559 1315 1597 1353 δὲ

265 1371 375 1410 τιθεὶς
394 1372 459 1408 τὸν
475 1372 597 1408 καινὸν
618 1372 731 1419 νόμον
751 1371 967 1422 ἀναγράψας
988 1373 1036 1410 εἷς
1052 1371 1224 1419 λεῑῖκωμα
1244 1370 1413 1408 ἐκτιθέτω
1434 1369 1597 1419 πρόσθεν

265 1428 335 1463 τῶν
351 1426 547 1474 ἐπωνύμων
563 1425 756 1474 ὁσημέραι,
775 1426 838 1464 ἕως
855 1424 898 1462 ἂν
917 1424 992 1473 (ἡ)
1013 1425 1194 1473 ἐκκλησία
1210 1423 1370 1476 γένηται.
1416 1423 1599 1473 αἱρεῖσθαι

266 1479 303 1517 δὲ
325 1480 384 1517 καὶ
403 1480 487 1519 τοὺς
507 1479 933 1530 συναπολογησομένους
952 1480 1016 1516 τὸν
1041 1479 1158 1528 δῆμον
1181 1482 1256 1519 τοῖς
1282 1480 1418 1529 νόμοις,
1441 1478 1475 1516 οἳ
1498 1477 1542 1516 ἂν
1563 1481 1600 1516 ἐν

267 1536 341 1574 τοῖς
361 1534 575 1583 νομοθέταις
595 1535 764 1577 λῦωνται,
786 1535 893 1571 πέντε
914 1533 1045 1583 ἄνδρας
1066 1534 1104 1579 ἐξ
1123 1532 1328 1582 Ἀθηναίων
1355 1534 1533 1577 ἁπάντων,
1554 1534 1601 1584 τῇ

268 1588 438 1638 ἑνδεκάτῃ
459 1591 523 1626 τοῦ
545 1589 842 1637 ἑκατομβαιῶνος
862 1589 988 1637 μηνός.

334 1716 456 1756 Οὗτοι
474 1715 618 1758 πάντες
639 1718 675 1756 οἱ
695 1717 808 1766 νόμοι
829 1719 975 1756 κεῖνται
996 1715 1123 1756 πολὺν
1142 1715 1213 1765 ἤδη
1232 1715 1391 1768 χρόνον,
1413 1712 1442 1755 ὦ
1464 1715 1600 1766 ἄνδρες

267 1784 461 1828 ὀικασταί,
491 1783 553 1823 καὶ
583 1787 720 1834 πεῖραν
750 1784 876 1823 αὐτῶν
908 1781 1102 1824 πολλάκις
1130 1781 1322 1823 ὃεδώκασ’
1352 1783 1412 1822 ὅτι
1444 1781 1598 1834 συμφέ-

267 1867 401 1901 ροντες
426 1851 516 1901 ὑμῖν
542 1851 658 1896 εἰσιν,
689 1851 751 1890 καὶ
777 1851 903 1891 οὐδεὶς
933 1849 1083 1889 πώποτ’
1112 1850 1296 1890 ἀντεῖπεν
1321 1849 1374 1900 μὴ
1401 1849 1445 1888 οὐ
1471 1852 1600 1890 καλῶς

1552 1914 1600 1928 ’κ’

267 1918 375 1970 ἔχειν
406 1917 559 1959 αὐτούς.
633 1917 805 1958 εἰκότως·
858 1916 970 1957 οὐδὲν
1001 1918 1075 1968 γὰρ
1103 1916 1207 1966 ὠμόι
1238 1917 1326 1956 οὐδὲ
1359 1917 1495 1967 βίαιον
1519 1929 1586 1956 ovo
1624 1929 1635 1940 ¹

266 1984 523 2037 ὀλιγαρχικὸν
549 1983 884 2036 προστάττουσιν,
913 1984 1020 2023 ἀλλὰ
1048 2000 1191 2023 ‘romaz
1194 2000 1277 2023 τιον
1303 2000 1429 2023 πάντα
1455 1988 1598 2034 φιλαν-

315 2104 326 2123 1
369 2095 452 2125 κατὰ
489 2093 593 2124 ταύτά
633 2093 657 2123 F
673 2093 696 2123 L
733 2104 817 2123 corr.
836 2105 841 2123 τ
888 2094 970 2125 κατὰ
1010 2092 1090 2124 αὐτά
1130 2092 1153 2123 S
1168 2091 1226 2124 L¹:
1267 2093 1338 2124 κατ’
1371 2092 1450 2124 αὐτά
1486 2092 1516 2123 Α
1529 2092 1558 2122 Y
1571 2092 1600 2122 O

268 2149 285 2174 4
323 2138 573 2178 ἀποχειροτονία
601 2137 630 2166 Α
643 2137 672 2167 O
843 2138 863 2167 6
897 2136 1087 2177 τυγχάνωσι
1116 2136 1146 2166 Α
1174 2143 1206 2167 et
1234 2137 1337 2167 schol.
1371 2146 1402 2175 p.
1435 2146 1507 2175 743,
1542 2147 1577 2173 14
1594 2148 1600 2166 :

268 2180 392 2220 τύχωσι
412 2181 435 2211 S
449 2181 474 2210 L
491 2179 580 2218 vulg.
689 2180 937 2221 παρεδρεύοντες
956 2179 979 2210 S
993 2179 1022 2210 Y
1035 2180 1065 2210 O
1210 2181 1230 2210 8
1254 2182 1311 2211 τοῦ
1328 2190 1392 2210 om.
1413 2179 1436 2210 S
1451 2180 1475 2209 L
1491 2179 1514 2210 F·
1527 2179 1557 2210 Y
1569 2179 1600 2210 O

271 2233 283 2254 1
295 2234 305 2253 1
334 2225 492 2261 ποιήσωσι
510 2223 540 2254 Α
556 2236 560 2252 z
588 2227 700 2256 ποιῶσι
720 2224 743 2254 S
757 2224 782 2254 L
801 2224 891 2262 vulg.
1019 2223 1288 2264 προγεγραμμένα
1304 2223 1333 2254 Α
1350 2223 1373 2253 F
1385 2223 1414 2253 Y
1427 2223 1457 2253 O
1471 2223 1497 2253 L
1515 2233 1600 2253 corr.

273 2278 309 2297 12
333 2269 416 2300 κατὰ
432 2269 473 2299 τὰ
488 2267 697 2308 γεγραμμένα
714 2266 998 2308 (προγεγραμμένα
1015 2266 1039 2296 F
1051 2267 1095 2297 O*
1112 2272 1188 2307 post
1206 2268 1430 2308 χρηματίσωσι
1448 2267 1524 2297 add.
1537 2266 1561 2297 S
1576 2266 1600 2296 L

267 2311 308 2341 al.
327 2322 333 2341 ε
358 2321 422 2342 om.
443 2311 473 2341 Α
622 2321 664 2341 20
689 2310 885 2343 ἐκτεθέντων
903 2310 965 2340 FL
983 2320 1069 2341 corr.
1088 2322 1094 2341 ε
1117 2311 1277 2342 τεθέντων
1293 2315 1370 2341 cett.
1517 2319 1557 2348 23
1582 2310 1601 2347 ἡ

266 2355 343 2385 add.
363 2354 498 2384 Dobree
653 2355 759 2393 25-26
783 2357 824 2397 τῇ
843 2353 998 2396 ἑνδεκάτῃ
1016 2377 1023 2385 .
1044 2378 1051 2385 .
1073 2379 1079 2385 .
1096 2354 1195 2393 μηνός
1213 2354 1276 2384 del.
1299 2353 1444 2391 Schoell‚
1462 2353 1502 2385 cf.
1526 2355 1541 2390 ξ
1560 2354 1602 2383 26

267 2408 310 2436 30
334 2399 483 2430 ἀντεῖπεν
501 2403 575 2437 post
594 2398 684 2437 ἔχειν
701 2397 731 2427 Α

1620 467 1635 497 υ·

1623 736 1658 757 10
