1737 2734
91 842 129 863 10

85 1506 124 1530 20

84 1843 121 1875 25

155 116 280 170 xxm}
473 118 603 158 KAT‘
646 121 1163 159 ΑΡΙΣΤΟΚΡΑΤΟὙΣ

151 226 311 277 διώρισε
337 226 399 265 καὶ
423 227 610 275 νομίμως.
673 228 682 242 ‘
699 224 768 265 ε’άν
792 242 851 267 τις
876 226 1087 281 ἀποκτείνῃ
1113 225 1182 265 τὸν
1209 223 1483 277 ἀνδροφόνον’

152 293 279 344 φησὶν
307 289 356 341 ‘fi
386 293 509 333 αἴτιος
538 291 561 348 ᾗ
587 290 726 344 φόνου,
760 290 1010 345 ἀπεχόμενον
1041 293 1188 344 ἀγορᾶς
1221 294 1384 344 ἐφορίας
1419 292 1481 332 καὶ

150 357 285 399 ἄθλων
328 359 391 398 καὶ
433 360 545 410 ἱερῶν
587 358 941 411 Ἀμφικτυονικῶν,
986 359 1122 410 ὥσπερ
1163 362 1232 399 τὸν
1271 358 1482 409 Ἀθηναῖον

152 426 370 470 κτείναντα,
397 425 441 465 ἐν
466 429 549 466 τοῖς
575 425 705 467 αὐτοῖς
731 425 955 478 ἐνέχεσθαι,
984 426 1290 478 διαγιγνώσκειν
1319 427 1361 466 δὲ
1390 425 1481 468 τοὺς

151 491 323 544 ἐφέτας.’
394 493 435 532 τί
465 492 510 541 δῖ)
543 491 650 532 ταῦτ’
683 491 814 538 ἐστίν;
859 491 1007 534 ἐκεῖνος
1037 491 1131 547 ᾤετο
1164 492 1234 533 τὸν
1265 491 1480 545 πεφευγότ’

246 560 352 612 αἰτίᾳ
384 557 511 610 φόνου
547 558 610 598 καὶ
643 556 859 603 ἑαλωκότα,
899 558 1046 610 ἐάνπερ
1082 559 1191 610 ἅπαξ
1223 558 1379 615 ἐκφύγῃ
1418 560 1480 600 καὶ

150 626 275 681 σωθῇ,
302 627 448 677 εἴργειν
471 629 544 676 μὲν
569 628 637 676 τῆς
662 629 731 665 τοῦ
754 623 950 667 παθόντος
976 627 1164 677 πατρίδος
1189 628 1339 666 δίκαιον
1365 626 1477 672 εἶναι,

159 558 212 571 η’

150 576 200 598 Επ

150 694 317 733 κτείνειν
341 692 375 732 δ’
400 693 472 745 οὐχ
498 693 612 732 ὅσιον
635 695 851 744 πανταχοῦ.
923 693 964 732 τί
986 696 1167 739 σκοπῶν;
1205 694 1266 732 ὅτι
1296 694 1358 733 καὶ
1387 693 1479 736 τοὺς

148 762 260 810 δεῦρο
297 760 557 811 πεφευγότας,
593 759 642 799 ἂν
676 759 788 809 ἡμεῖς
820 758 911 800 τοὺς
947 758 1108 810 ἑτέρωσ’
1142 759 1477 810 ἀποκτιννύωμεν,

148 825 406 866 ἀποκτενοῦσ’
433 826 569 878 ἕτεροι.
641 827 674 866 εἰ
708 828 748 866 δὲ
778 825 880 865 τοῦτ’
906 826 1031 871 ἔσται,
1058 826 1081 876 ἡ
1114 826 1214 876 μόνη
1247 826 1367 876 λοιπὴ
1398 830 1479 869 τοῖς

147 893 365 945 ἀτυχοῦσιν
384 892 510 933 ἅπασι
528 894 706 944 σωτηρία
729 891 1058 944 διαφθαρήσεται.
1117 893 1206 933 ἔστι
1231 892 1262 932 δ’
1281 895 1376 943 αὕτη
1397 895 1476 940 τίς;

146 961 189 998 ἐκ
227 962 297 1009 τῆς
334 963 412 999 τῶν
450 960 706 999 πεπονθότων
743 958 997 1010 μεταστάντα
1034 960 1090 1000 εἰς
1127 958 1199 1009 τὴν
1236 964 1315 1000 τῶν
1355 962 1478 1010 μηδὲν

146 1025 389 1075 ἠδικημένων
413 1026 537 1068 ἀδεῶς
568 1029 778 1076 μετοικεῖν.
849 1027 913 1066 ἵνα
937 1025 983 1075 δὴ
1014 1025 1066 1076 μὴ
1093 1025 1195 1066 τοῦτ’
1220 1025 1242 1083 ᾖ
1265 1026 1353 1076 μηδ’
1379 1026 1474 1067 ἀπέ-

145 1109 282 1143 ραντοι
317 1096 395 1132 τῶν
432 1091 694 1145 ἀτυχημάτων
732 1094 771 1133 αἱ
809 1093 991 1144 τιμωρίαι
1030 1094 1258 1145 γίγνωνται,
1297 1093 1477 1145 ἔγραψεν

149 1161 157 1174 ‘
175 1158 244 1198 ἐάν
263 1176 322 1200 τις
341 1159 410 1199 τὸν
429 1160 679 1211 ἀνδροφόνον
703 1160 836 1215 κτείνῃ
855 1160 1106 1211 ἀπεχόμενον
1123 1159 1132 1173 ’
1152 1161 1281 1212 φησὶν
1303 1163 1312 1177 ‘
1329 1161 1476 1212 ἀγορᾶς

144 1225 337 1277 ἐφορίας.’
403 1227 445 1266 τί
459 1229 572 1266 τοῦτο
596 1225 747 1278 λέγων,·
784 1230 863 1266 τῶν
888 1227 1006 1278 ὁρίων
1031 1229 1100 1276 τῆς
1124 1227 1269 1280 χώρας’
1308 1228 1476 1267 ἐνταῦθα

145 1292 233 1344 γάρ,
259 1293 311 1334 ὥς
335 1292 372 1345 γ’
393 1292 479 1343 ἐμοὶ
504 1295 622 1339 δοκεῖ,
649 1294 820 1346 τάρχαῖα
846 1298 1027 1350 συνῇσαν
1050 1295 1087 1333 οἱ
1114 1294 1345 1347 πρόσχωροι
1369 1294 1475 1345 παρά

144 1359 179 1399 θ’
218 1359 328 1410 ἡμῶν
368 1360 430 1400 καὶ
468 1363 546 1400 τῶν
583 1360 887 1411 ἀστυγειτόνων,
927 1361 1017 1400 ὅθεν
1054 1360 1257 1411 ὠνόμακεν
1298 1362 1475 1413 (ἀγορὰν

145 1425 339 1479 ἐφορίαν.’
410 1427 473 1467 καὶ
502 1426 624 1467 πάλιν
652 1429 661 1444 ‘
679 1428 794 1478 ἱερῶν
819 1426 1188 1477 Ἀμφικτυονικῶν.’
1258 1429 1298 1468 τί
1328 1427 1473 1478 δήποτε

143 1495 207 1533 καὶ
238 1494 388 1533 τούτων
423 1492 640 1534 ἀπέκλεισε
670 1493 740 1534 τὸν
774 1494 1042 1545 ἀνδροφόνον,·
1080 1495 1188 1534 ὅσων
1221 1499 1272 1548 τῷ
1307 1496 1474 1535 παθόντι

146 1560 259 1610 ζῶντι
288 1563 419 1611 μετῆν,
450 1561 599 1600 τούτων
627 1562 749 1612 εἴργει
772 1560 841 1600 τὸν
867 1561 1094 1612 δεδρακότα,
1121 1565 1277 1613 πρῶτον
1306 1564 1379 1612 μὲν
1404 1564 1473 1612 τῆς

143 1628 327 1679 πατρίδος
360 1627 422 1667 καὶ
454 1631 532 1667 τῶν
566 1629 608 1667 ἐν
643 1627 764 1683 ταύτῃ
797 1626 957 1668 πάντων
990 1628 1052 1667 καὶ
1085 1629 1208 1668 ὁσίων
1244 1629 1307 1669 καὶ
1344 1630 1470 1679 ἱερῶν,

142 1693 214 1743 τὴν
239 1694 405 1746 ἐφορίαν
431 1695 579 1746 ἀγορὰν
604 1695 697 1746 ὅρον
726 1693 995 1747 προσγράψας
1024 1694 1069 1745 ἧς
1101 1697 1307 1747 εἴργεσθαί
1329 1700 1470 1747 φησιν,

143 1760 227 1800 εἶτα
251 1765 328 1801 τῶν
354 1763 468 1813 ἱερῶν
487 1765 565 1801 τῶν
585 1762 626 1801 ἐν
652 1760 956 1813 Ἀμφικτύοσιν·
990 1762 1053 1801 καὶ
1078 1763 1153 1814 γὰρ
1178 1762 1341 1808 τούτων,
1363 1763 1473 1813 εἴπερ

142 1826 190 1876 ἦν
212 1826 372 1878 ’Έλλην
401 1829 422 1867 ὁ
451 1829 600 1874 παθών,
627 1830 749 1879 μετῆν
784 1828 899 1882 αὐτῷ.
961 1830 971 1845 ‘
990 1828 1051 1868 καὶ
1083 1828 1245 1868 ἅθλων.’
1317 1831 1379 1870 διὰ
1412 1830 1469 1874 τί;

141 1895 203 1934 ὅτι
233 1895 356 1934 κοινοὶ
385 1895 510 1934 πᾶσίν
539 1896 642 1935 εἰσιν
675 1896 711 1935 οῖ
745 1896 840 1934 κατὰ
873 1894 945 1944 τὴν
976 1894 1141 1935 Ἑλλάδ’
1176 1896 1338 1947 ἀγῶνες,
1373 1898 1471 1935 κατὰ

141 1963 184 2001 δὲ
208 1961 280 2006 τὴν
305 1961 464 2001 πάντων
489 1963 704 2012 μετουσίαν
736 1963 860 2012 μετῆν
891 1961 954 2001 καὶ
979 1961 1127 2002 τούτων
1156 1966 1209 2016 τῷ
1241 1963 1468 2003 πεπονθότι·

142 2029 204 2067 καὶ
223 2028 372 2067 τούτων
392 2028 460 2068 οὖν
486 2028 715 2081 ἀπεχέσθω.
775 2028 924 2068 τούτων
947 2030 1020 2078 μὲν
1046 2027 1092 2078 δὴ
1112 2028 1180 2068 τὸν
1206 2027 1469 2080 εἰργασμένον

140 2095 272 2146 εἴργει.
348 2094 396 2134 ἂν
429 2094 463 2134 δ’
497 2094 571 2145 ἔξω
606 2095 756 2135 τούτων
790 2095 921 2150 κτείνῃ
957 2111 1016 2136 τις
1052 2095 1170 2135 αὐτὸν
1205 2095 1362 2140 ἄλλοθι,
1396 2095 1468 2145 τὴν

184 2215 203 2243 4
229 2206 262 2236 ἐν
279 2204 359 2235 secl.
381 2204 606 2238 Herwerden,
625 2204 665 2236 cf.
689 2208 702 2241 ξ
722 2214 760 2243 41
932 2204 953 2234 8
976 2206 1143 2244 πανταχοῦ
1161 2204 1209 2235 A:
1236 2204 1426 2244 ἁπανταχοῦ
1443 2203 1467 2235 S

139 2248 229 2285 vulg.
405 2258 444 2278 ιο
467 2248 548 2287 μόνη
566 2249 616 2279 καὶ
634 2248 732 2286 λοιπὴ
751 2247 780 2277 Α
954 2257 991 2277 12
1014 2248 1240 2286 μεταστάντας
1260 2247 1362 2278 Paris.
1382 2248 1468 2286 2998

140 2301 180 2329 23
204 2290 241 2328 ἧς
268 2313 276 2322 .
313 2316 319 2322 .
352 2315 359 2322 .
388 2298 488 2331 φησιν
514 2291 605 2321 malit
632 2291 746 2322 delere
776 2290 882 2328 Blass,
909 2291 949 2322 cf.
980 2294 995 2328 5
1019 2291 1062 2320 62
1175 2301 1214 2329 27
1239 2291 1363 2322 τούτων
1387 2291 1467 2322 secl.

140 2333 237 2364 Blass
346 2335 480 2367 παθόντι
506 2335 531 2366 F
704 2345 746 2374 29
769 2335 884 2366 ἄλλοθι
911 2333 935 2365 S
959 2333 1075 2365 solus:
1099 2335 1214 2366 ἄλλοθί
1237 2347 1297 2366 που
1321 2333 1414 2366 YO:
1447 2335 1468 2372 ἢ

139 2378 255 2409 ἄλλοθί
276 2392 337 2410 που
360 2378 390 2408 Α
405 2378 429 2408 F

1515 122 1630 177 [632]

1513 233 1557 276 38

1510 841 1555 876 39

1504 1440 1552 1473 40

1505 1626 1619 1680 [633]

1499 2042 1541 2075 41
