<?xml version="1.0" encoding="UTF-8"?>
<!DOCTYPE html PUBLIC "-//W3C//DTD XHTML 1.0 Transitional//EN"
    "http://www.w3.org/TR/xhtml1/DTD/xhtml1-transitional.dtd">
<html xmlns="http://www.w3.org/1999/xhtml" xml:lang="en" lang="en">
 <head>
  <title>
</title>
<meta http-equiv="Content-Type" content="text/html;charset=utf-8" />
  <meta name='ocr-system' content='tesseract 3.04.00' />
  <meta name='ocr-capabilities' content='ocr_page ocr_carea ocr_par ocr_line ocrx_word'/>
</head>
<body>
  <div class='ocr_page' id='page_1' title='image "./p1orationesrecog02demouoft_0096.png"; bbox 0 0 1737 2734; ppageno 0'>
   <div class='ocr_carea' id='block_1_1' title="bbox 98 153 209 209">
    <p class='ocr_par' dir='ltr' id='par_1_1' title="bbox 98 153 209 209">
     <span class='ocr_line' id='line_1_1' title="bbox 98 153 209 209; baseline 0.045 -6"><span class='ocrx_word' id='word_1_1' title='bbox 98 153 209 209; x_wconf 79' lang='lat'><strong>[543]</strong></span> 
     </span>
    </p>
   </div>
   <div class='ocr_carea' id='block_1_2' title="bbox 167 1406 187 1439">
    <p class='ocr_par' dir='ltr' id='par_1_2' title="bbox 167 1406 187 1439">
     <span class='ocr_line' id='line_1_2' title="bbox 167 1406 187 1439; baseline 0 0"><span class='ocrx_word' id='word_1_2' title='bbox 167 1406 187 1439; x_wconf 82' lang='lat'>9</span> 
     </span>
    </p>
   </div>
   <div class='ocr_carea' id='block_1_3' title="bbox 167 1805 191 1908">
    <p class='ocr_par' dir='ltr' id='par_1_3' title="bbox 167 1805 191 1908">
     <span class='ocr_line' id='line_1_3' title="bbox 167 1805 191 1908; textangle 90"><span class='ocrx_word' id='word_1_3' title='bbox 167 1805 191 1908; x_wconf 52' lang='lat'>&amp;0⁴2-</span> 
     </span>
    </p>
   </div>
   <div class='ocr_carea' id='block_1_4' title="bbox 195 1405 206 1429">
    <p class='ocr_par' dir='ltr' id='par_1_4' title="bbox 195 1405 206 1429">
     <span class='ocr_line' id='line_1_4' title="bbox 195 1405 206 1429; baseline 0 0"><span class='ocrx_word' id='word_1_4' title='bbox 195 1405 206 1429; x_wconf 91' lang='lat'>1</span> 
     </span>
    </p>
   </div>
   <div class='ocr_carea' id='block_1_5' title="bbox 192 1791 210 1896">
    <p class='ocr_par' dir='ltr' id='par_1_5' title="bbox 192 1791 210 1896">
     <span class='ocr_line' id='line_1_5' title="bbox 192 1791 210 1896; textangle 90"><span class='ocrx_word' id='word_1_5' title='bbox 192 1791 210 1896; x_wconf 60' lang='lat' dir='ltr'>tot—J</span> 
     </span>
    </p>
   </div>
   <div class='ocr_carea' id='block_1_6' title="bbox 665 147 1572 200">
    <p class='ocr_par' dir='ltr' id='par_1_6' title="bbox 665 147 1572 200">
     <span class='ocr_line' id='line_1_6' title="bbox 665 147 1572 200; baseline -0.003 -9"><span class='ocrx_word' id='word_1_6' title='bbox 665 153 1154 191; x_wconf 68' lang='grc' dir='ltr'>ΔΗΜΟΣΘΕΝΟΥΣ</span> <span class='ocrx_word' id='word_1_7' title='bbox 1485 147 1572 200; x_wconf 69' lang='lat' dir='ltr'>[xm</span> 
     </span>
    </p>
   </div>
   <div class='ocr_carea' id='block_1_7' title="bbox 241 254 1574 1975">
    <p class='ocr_par' dir='ltr' id='par_1_7' title="bbox 241 254 1574 1975">
     <span class='ocr_line' id='line_1_7' title="bbox 243 254 1574 311; baseline -0.003 -12"><span class='ocrx_word' id='word_1_8' title='bbox 243 259 402 310; x_wconf 79' lang='grc' dir='ltr'>γνώμην</span> <span class='ocrx_word' id='word_1_9' title='bbox 428 258 549 311; x_wconf 86' lang='grc' dir='ltr'>ἔχειν,</span> <span class='ocrx_word' id='word_1_10' title='bbox 578 258 646 296; x_wconf 80' lang='grc' dir='ltr'>ἐὰν</span> <span class='ocrx_word' id='word_1_11' title='bbox 684 259 726 296; x_wconf 81' lang='grc' dir='ltr'>δὲ</span> <span class='ocrx_word' id='word_1_12' title='bbox 757 255 892 306; x_wconf 84' lang='grc' dir='ltr'>μηδέν,</span> <span class='ocrx_word' id='word_1_13' title='bbox 921 254 1123 295; x_wconf 83' lang='grc' dir='ltr'>θεάσασθε</span> <span class='ocrx_word' id='word_1_14' title='bbox 1154 255 1226 304; x_wconf 78' lang='grc' dir='ltr'>τὴν</span> <span class='ocrx_word' id='word_1_15' title='bbox 1260 255 1477 307; x_wconf 79' lang='grc' dir='ltr'>ἀσέλγειαν</span> <span class='ocrx_word' id='word_1_16' title='bbox 1511 257 1574 296; x_wconf 80' lang='grc' dir='ltr'>καὶ</span> 
     </span>
     <span class='ocr_line' id='line_1_8' title="bbox 242 322 1571 379; baseline -0.002 -14"><span class='ocrx_word' id='word_1_17' title='bbox 242 325 313 374; x_wconf 80' lang='grc' dir='ltr'>τὴν</span> <span class='ocrx_word' id='word_1_18' title='bbox 342 325 535 375; x_wconf 85' lang='grc' dir='ltr'>ὠμότητα,</span> <span class='ocrx_word' id='word_1_19' title='bbox 566 322 591 379; x_wconf 80' lang='grc' dir='ltr'><em>ᾗ</em></span> <span class='ocrx_word' id='word_1_20' title='bbox 621 322 704 362; x_wconf 81' lang='grc' dir='ltr'>καθ’</span> <span class='ocrx_word' id='word_1_21' title='bbox 733 322 918 363; x_wconf 83' lang='grc' dir='ltr'>ἁπάντων</span> <span class='ocrx_word' id='word_1_22' title='bbox 950 324 1093 374; x_wconf 88' lang='grc' dir='ltr'>χρῆται</span> <span class='ocrx_word' id='word_1_23' title='bbox 1123 325 1201 361; x_wconf 81' lang='grc' dir='ltr'>τῶν</span> <span class='ocrx_word' id='word_1_24' title='bbox 1234 322 1571 374; x_wconf 75' lang='grc' dir='ltr'>ἐντυγχανόντων.</span> 
     </span>
     <span class='ocr_line' id='line_1_9' title="bbox 242 386 1573 440; baseline -0.002 -9"><span class='ocrx_word' id='word_1_25' title='bbox 242 393 281 431; x_wconf 90' lang='grc' dir='ltr'>τί</span> <span class='ocrx_word' id='word_1_26' title='bbox 307 391 373 431; x_wconf 70' lang='grc' dir='ltr'>οὖν</span> <span class='ocrx_word' id='word_1_27' title='bbox 409 390 496 431; x_wconf 85' lang='grc' dir='ltr'>ἔσθ’</span> <span class='ocrx_word' id='word_1_28' title='bbox 526 389 546 429; x_wconf 83' lang='grc' dir='ltr'>ὃ</span> <span class='ocrx_word' id='word_1_29' title='bbox 576 389 794 434; x_wconf 88' lang='grc' dir='ltr'>πέπονθεν;</span> <span class='ocrx_word' id='word_1_30' title='bbox 838 389 1018 440; x_wconf 83' lang='grc' dir='ltr'>μεγάλην</span> <span class='ocrx_word' id='word_1_31' title='bbox 1050 388 1096 437; x_wconf 76' lang='grc' dir='ltr'>νὴ</span> <span class='ocrx_word' id='word_1_32' title='bbox 1132 388 1198 427; x_wconf 84' lang='grc' dir='ltr'>Δί’</span> <span class='ocrx_word' id='word_1_33' title='bbox 1228 386 1341 439; x_wconf 74' lang='grc' dir='ltr'>ὦφλε</span> <span class='ocrx_word' id='word_1_34' title='bbox 1371 390 1481 437; x_wconf 87' lang='grc' dir='ltr'>δίκην</span> <span class='ocrx_word' id='word_1_35' title='bbox 1510 390 1573 428; x_wconf 88' lang='grc' dir='ltr'>καὶ</span> 
     </span>
     <span class='ocr_line' id='line_1_10' title="bbox 241 455 1572 507; baseline -0.002 -10"><span class='ocrx_word' id='word_1_36' title='bbox 241 458 440 507; x_wconf 75' lang='grc' dir='ltr'>τοσαύτην</span> <span class='ocrx_word' id='word_1_37' title='bbox 466 456 562 496; x_wconf 81' lang='grc' dir='ltr'>ὥστ’</span> <span class='ocrx_word' id='word_1_38' title='bbox 588 457 902 507; x_wconf 79' lang='grc' dir='ltr'>ἀποστερεῖσθαι</span> <span class='ocrx_word' id='word_1_39' title='bbox 931 459 1008 495; x_wconf 87' lang='grc' dir='ltr'>τῶν</span> <span class='ocrx_word' id='word_1_40' title='bbox 1035 457 1172 495; x_wconf 86' lang='grc' dir='ltr'>ὄντων.</span> <span class='ocrx_word' id='word_1_41' title='bbox 1245 455 1350 494; x_wconf 79' lang='grc' dir='ltr'>ἀλλὰ</span> <span class='ocrx_word' id='word_1_42' title='bbox 1383 456 1525 507; x_wconf 87' lang='grc' dir='ltr'>χιλίων</span> <span class='ocrx_word' id='word_1_43' title='bbox 1550 455 1572 505; x_wconf 84' lang='grc' dir='ltr'>ἡ</span> 
     </span>
     <span class='ocr_line' id='line_1_11' title="bbox 242 520 1570 575; baseline -0.002 -11"><span class='ocrx_word' id='word_1_44' title='bbox 242 526 326 574; x_wconf 89' lang='grc' dir='ltr'>δίκη</span> <span class='ocrx_word' id='word_1_45' title='bbox 353 525 473 574; x_wconf 81' lang='grc' dir='ltr'>μόνον</span> <span class='ocrx_word' id='word_1_46' title='bbox 501 522 548 572; x_wconf 81' lang='grc' dir='ltr'>ἧν</span> <span class='ocrx_word' id='word_1_47' title='bbox 574 526 771 575; x_wconf 76' lang='grc' dir='ltr'>δραχμῶν.</span> <span class='ocrx_word' id='word_1_48' title='bbox 847 521 948 561; x_wconf 89' lang='grc' dir='ltr'>πάνυ</span> <span class='ocrx_word' id='word_1_49' title='bbox 973 538 1031 573; x_wconf 89' lang='grc' dir='ltr'>γε,</span> <span class='ocrx_word' id='word_1_50' title='bbox 1058 521 1165 561; x_wconf 80' lang='grc' dir='ltr'>ἀλλὰ</span> <span class='ocrx_word' id='word_1_51' title='bbox 1196 520 1327 561; x_wconf 83' lang='grc' dir='ltr'>δάκνει</span> <span class='ocrx_word' id='word_1_52' title='bbox 1358 521 1419 560; x_wconf 86' lang='grc' dir='ltr'>καὶ</span> <span class='ocrx_word' id='word_1_53' title='bbox 1444 524 1570 566; x_wconf 85' lang='grc' dir='ltr'>τοῦτο,</span> 
     </span>
     <span class='ocr_line' id='line_1_12' title="bbox 243 587 1570 643; baseline -0.003 -13"><span class='ocrx_word' id='word_1_54' title='bbox 243 591 339 642; x_wconf 84' lang='grc' dir='ltr'>φαίη</span> <span class='ocrx_word' id='word_1_55' title='bbox 378 607 435 631; x_wconf 86' lang='grc' dir='ltr'>τις</span> <span class='ocrx_word' id='word_1_56' title='bbox 469 590 528 635; x_wconf 80' lang='grc' dir='ltr'>ἄν,</span> <span class='ocrx_word' id='word_1_57' title='bbox 561 590 656 629; x_wconf 84' lang='grc' dir='ltr'>ὅταν</span> <span class='ocrx_word' id='word_1_58' title='bbox 691 589 860 628; x_wconf 85' lang='grc' dir='ltr'>ἐκτίνειν</span> <span class='ocrx_word' id='word_1_59' title='bbox 897 589 1038 629; x_wconf 79' lang='grc' dir='ltr'>ἀδίκως</span> <span class='ocrx_word' id='word_1_60' title='bbox 1071 587 1151 643; x_wconf 82' lang='grc' dir='ltr'>δέῃ,</span> <span class='ocrx_word' id='word_1_61' title='bbox 1184 587 1336 637; x_wconf 80' lang='grc' dir='ltr'>συνέβη</span> <span class='ocrx_word' id='word_1_62' title='bbox 1366 587 1398 627; x_wconf 91' lang='grc' dir='ltr'>δ’</span> <span class='ocrx_word' id='word_1_63' title='bbox 1428 588 1570 639; x_wconf 84' lang='grc' dir='ltr'>ὑπερη-</span> 
     </span>
     <span class='ocr_line' id='line_1_13' title="bbox 241 654 1572 711; baseline -0.002 -14"><span class='ocrx_word' id='word_1_64' title='bbox 241 657 345 711; x_wconf 77' lang='grc' dir='ltr'>μέρῳ</span> <span class='ocrx_word' id='word_1_65' title='bbox 395 660 594 710; x_wconf 77' lang='grc' dir='ltr'>γενομένῳ</span> <span class='ocrx_word' id='word_1_66' title='bbox 637 658 775 695; x_wconf 82' lang='grc' dir='ltr'>λαθεῖν</span> <span class='ocrx_word' id='word_1_67' title='bbox 821 654 924 709; x_wconf 80' lang='grc' dir='ltr'>αὐτῷ</span> <span class='ocrx_word' id='word_1_68' title='bbox 968 656 1031 694; x_wconf 79' lang='grc' dir='ltr'>διὰ</span> <span class='ocrx_word' id='word_1_69' title='bbox 1079 654 1125 693; x_wconf 83' lang='grc' dir='ltr'>τὸ</span> <span class='ocrx_word' id='word_1_70' title='bbox 1167 655 1408 703; x_wconf 83' lang='grc' dir='ltr'>ἀδικηθῆναι.</span> <span class='ocrx_word' id='word_1_71' title='bbox 1480 654 1572 694; x_wconf 82' lang='grc' dir='ltr'>ἀλλ’</span> 
     </span>
     <span class='ocr_line' id='line_1_14' title="bbox 244 719 1573 779; baseline -0.003 -15"><span class='ocrx_word' id='word_1_72' title='bbox 244 723 463 775; x_wconf 79' lang='grc' dir='ltr'>αὐθημερὸν</span> <span class='ocrx_word' id='word_1_73' title='bbox 495 725 567 772; x_wconf 85' lang='grc' dir='ltr'>μὲν</span> <span class='ocrx_word' id='word_1_74' title='bbox 600 721 758 779; x_wconf 81' lang='grc' dir='ltr'>ᾔσθετο,</span> <span class='ocrx_word' id='word_1_75' title='bbox 789 721 809 760; x_wconf 84' lang='grc' dir='ltr'>δ</span> <span class='ocrx_word' id='word_1_76' title='bbox 841 722 904 760; x_wconf 80' lang='grc' dir='ltr'>καὶ</span> <span class='ocrx_word' id='word_1_77' title='bbox 931 721 1124 772; x_wconf 87' lang='grc' dir='ltr'>μέγιστόν</span> <span class='ocrx_word' id='word_1_78' title='bbox 1154 721 1241 760; x_wconf 88' lang='grc' dir='ltr'>ἐστι</span> <span class='ocrx_word' id='word_1_79' title='bbox 1271 719 1480 771; x_wconf 83' lang='grc' dir='ltr'>τεκμήριον</span> <span class='ocrx_word' id='word_1_80' title='bbox 1504 724 1573 760; x_wconf 83' lang='grc' dir='ltr'>τοῦ</span> 
     </span>
     <span class='ocr_line' id='line_1_15' title="bbox 242 786 1573 840; baseline -0.002 -12"><span class='ocrx_word' id='word_1_81' title='bbox 242 793 364 840; x_wconf 80' lang='grc' dir='ltr'>μηδὲν</span> <span class='ocrx_word' id='word_1_82' title='bbox 400 789 628 839; x_wconf 80' lang='grc' dir='ltr'>ἠδικηκέναι</span> <span class='ocrx_word' id='word_1_83' title='bbox 656 788 724 828; x_wconf 83' lang='grc' dir='ltr'>τὸν</span> <span class='ocrx_word' id='word_1_84' title='bbox 759 787 981 838; x_wconf 84' lang='grc' dir='ltr'>ἄνθρωπον,</span> <span class='ocrx_word' id='word_1_85' title='bbox 1016 787 1195 839; x_wconf 74' lang='grc' dir='ltr'>δραχμὴν</span> <span class='ocrx_word' id='word_1_86' title='bbox 1231 786 1264 826; x_wconf 71' lang='grc' dir='ltr'>δ’</span> <span class='ocrx_word' id='word_1_87' title='bbox 1298 786 1450 826; x_wconf 78' lang='grc' dir='ltr'>οὐδέπω</span> <span class='ocrx_word' id='word_1_88' title='bbox 1478 787 1573 836; x_wconf 84' lang='grc' dir='ltr'>μίαν</span> 
     </span>
     <span class='ocr_line' id='line_1_16' title="bbox 245 852 1573 905; baseline -0.002 -9"><span class='ocrx_word' id='word_1_89' title='bbox 245 857 474 896; x_wconf 87' lang='grc' dir='ltr'>ἐκτέτεικεν.</span> <span class='ocrx_word' id='word_1_90' title='bbox 546 857 652 896; x_wconf 77' lang='grc' dir='ltr'>ἀλλὰ</span> <span class='ocrx_word' id='word_1_91' title='bbox 693 854 744 905; x_wconf 76' lang='grc' dir='ltr'>μή</span> <span class='ocrx_word' id='word_1_92' title='bbox 795 871 854 894; x_wconf 91' lang='grc' dir='ltr'>πω</span> <span class='ocrx_word' id='word_1_93' title='bbox 897 858 1023 894; x_wconf 72' lang='grc' dir='ltr'>τοῦτο.</span> <span class='ocrx_word' id='word_1_94' title='bbox 1096 855 1200 893; x_wconf 79' lang='grc' dir='ltr'>ἀλλὰ</span> <span class='ocrx_word' id='word_1_95' title='bbox 1243 852 1313 902; x_wconf 76' lang='grc' dir='ltr'>τὴν</span> <span class='ocrx_word' id='word_1_96' title='bbox 1354 852 1405 902; x_wconf 76' lang='grc' dir='ltr'>μὴ</span> <span class='ocrx_word' id='word_1_97' title='bbox 1447 853 1573 893; x_wconf 71' lang='grc' dir='ltr'>οὖσαν</span> 
     </span>
     <span class='ocr_line' id='line_1_17' title="bbox 243 919 1570 976; baseline -0.004 -13"><span class='ocrx_word' id='word_1_98' title='bbox 243 925 474 976; x_wconf 75' lang='grc' dir='ltr'>ἀντιλαχεῖν</span> <span class='ocrx_word' id='word_1_99' title='bbox 491 921 583 972; x_wconf 79' lang='grc' dir='ltr'>ἐξῆν</span> <span class='ocrx_word' id='word_1_100' title='bbox 610 921 711 976; x_wconf 77' lang='grc' dir='ltr'>αὐτῷ</span> <span class='ocrx_word' id='word_1_101' title='bbox 739 921 875 971; x_wconf 81' lang='grc' dir='ltr'>δήπου,</span> <span class='ocrx_word' id='word_1_102' title='bbox 900 921 961 960; x_wconf 86' lang='grc' dir='ltr'>καὶ</span> <span class='ocrx_word' id='word_1_103' title='bbox 985 920 1083 972; x_wconf 82' lang='grc' dir='ltr'>πρὸς</span> <span class='ocrx_word' id='word_1_104' title='bbox 1109 922 1176 970; x_wconf 82' lang='grc' dir='ltr'>ἐμὲ</span> <span class='ocrx_word' id='word_1_105' title='bbox 1199 919 1244 960; x_wconf 84' lang='grc' dir='ltr'>τὸ</span> <span class='ocrx_word' id='word_1_106' title='bbox 1268 922 1429 971; x_wconf 77' lang='grc' dir='ltr'>πρᾶγμα</span> <span class='ocrx_word' id='word_1_107' title='bbox 1455 936 1570 959; x_wconf 87' lang='grc' dir='ltr'>κατα-</span> 
     </span>
     <span class='ocr_line' id='line_1_18' title="bbox 245 985 1572 1041; baseline -0.003 -12"><span class='ocrx_word' id='word_1_108' title='bbox 245 989 489 1040; x_wconf 88' lang='grc' dir='ltr'>στήσασθαι,</span> <span class='ocrx_word' id='word_1_109' title='bbox 528 988 624 1040; x_wconf 84' lang='grc' dir='ltr'>πρὸς</span> <span class='ocrx_word' id='word_1_110' title='bbox 661 989 781 1039; x_wconf 82' lang='grc' dir='ltr'>ὅνπερ</span> <span class='ocrx_word' id='word_1_111' title='bbox 822 985 868 1036; x_wconf 78' lang='grc' dir='ltr'>ἐξ</span> <span class='ocrx_word' id='word_1_112' title='bbox 902 988 1027 1041; x_wconf 84' lang='grc' dir='ltr'>ἀρχῆς</span> <span class='ocrx_word' id='word_1_113' title='bbox 1063 986 1110 1037; x_wconf 80' lang='grc' dir='ltr'>ἦν</span> <span class='ocrx_word' id='word_1_114' title='bbox 1145 986 1167 1036; x_wconf 88' lang='grc' dir='ltr'>ἡ</span> <span class='ocrx_word' id='word_1_115' title='bbox 1205 987 1303 1036; x_wconf 82' lang='grc' dir='ltr'>δίκη.</span> <span class='ocrx_word' id='word_1_116' title='bbox 1376 985 1468 1025; x_wconf 85' lang='grc' dir='ltr'>ἀλλ’</span> <span class='ocrx_word' id='word_1_117' title='bbox 1504 986 1572 1025; x_wconf 84' lang='grc' dir='ltr'>οὐκ</span> 
     </span>
     <span class='ocr_line' id='line_1_19' title="bbox 243 1052 1574 1107; baseline -0.003 -11"><span class='ocrx_word' id='word_1_118' title='bbox 243 1057 450 1107; x_wconf 79' lang='grc' dir='ltr'>ἐβούλετο·</span> <span class='ocrx_word' id='word_1_119' title='bbox 492 1055 584 1096; x_wconf 83' lang='grc' dir='ltr'>ἀλλ’</span> <span class='ocrx_word' id='word_1_120' title='bbox 614 1056 678 1095; x_wconf 82' lang='grc' dir='ltr'>ἵνα</span> <span class='ocrx_word' id='word_1_121' title='bbox 702 1054 754 1105; x_wconf 79' lang='grc' dir='ltr'>μὴ</span> <span class='ocrx_word' id='word_1_122' title='bbox 787 1055 954 1095; x_wconf 83' lang='grc' dir='ltr'>Μειδίας</span> <span class='ocrx_word' id='word_1_123' title='bbox 984 1054 1171 1104; x_wconf 83' lang='grc' dir='ltr'>ἀτίμητον</span> <span class='ocrx_word' id='word_1_124' title='bbox 1204 1054 1448 1105; x_wconf 84' lang='grc' dir='ltr'>ἀγωνίσηται</span> <span class='ocrx_word' id='word_1_125' title='bbox 1481 1052 1574 1092; x_wconf 83' lang='grc' dir='ltr'>δέκα</span> 
     </span>
     <span class='ocr_line' id='line_1_20' title="bbox 242 1119 1570 1173; baseline -0.004 -10"><span class='ocrx_word' id='word_1_126' title='bbox 242 1127 351 1173; x_wconf 84' lang='grc' dir='ltr'>μνῶν</span> <span class='ocrx_word' id='word_1_127' title='bbox 377 1124 500 1173; x_wconf 88' lang='grc' dir='ltr'>δίκην,</span> <span class='ocrx_word' id='word_1_128' title='bbox 528 1122 624 1173; x_wconf 86' lang='grc' dir='ltr'>πρὸς</span> <span class='ocrx_word' id='word_1_129' title='bbox 658 1121 705 1171; x_wconf 89' lang='grc' dir='ltr'>ἣν</span> <span class='ocrx_word' id='word_1_130' title='bbox 735 1120 803 1161; x_wconf 81' lang='grc' dir='ltr'>οὐκ</span> <span class='ocrx_word' id='word_1_131' title='bbox 831 1119 986 1170; x_wconf 84' lang='grc' dir='ltr'>ἀπήντα</span> <span class='ocrx_word' id='word_1_132' title='bbox 1019 1120 1121 1166; x_wconf 88' lang='grc' dir='ltr'>δέον,</span> <span class='ocrx_word' id='word_1_133' title='bbox 1150 1120 1212 1159; x_wconf 88' lang='grc' dir='ltr'>καὶ</span> <span class='ocrx_word' id='word_1_134' title='bbox 1247 1121 1279 1159; x_wconf 84' lang='grc' dir='ltr'>εἰ</span> <span class='ocrx_word' id='word_1_135' title='bbox 1303 1121 1376 1169; x_wconf 84' lang='grc' dir='ltr'>μὲν</span> <span class='ocrx_word' id='word_1_136' title='bbox 1399 1119 1570 1169; x_wconf 85' lang='grc' dir='ltr'>ἠδίκηκε,</span> 
     </span>
     <span class='ocr_line' id='line_1_21' title="bbox 243 1185 1574 1244; baseline -0.004 -14"><span class='ocrx_word' id='word_1_137' title='bbox 243 1191 355 1240; x_wconf 85' lang='grc' dir='ltr'>δίκην</span> <span class='ocrx_word' id='word_1_138' title='bbox 391 1193 456 1244; x_wconf 77' lang='grc' dir='ltr'>δῷ,</span> <span class='ocrx_word' id='word_1_139' title='bbox 490 1191 523 1230; x_wconf 88' lang='grc' dir='ltr'>εἰ</span> <span class='ocrx_word' id='word_1_140' title='bbox 557 1191 599 1229; x_wconf 80' lang='grc' dir='ltr'>δὲ</span> <span class='ocrx_word' id='word_1_141' title='bbox 627 1187 693 1239; x_wconf 85' lang='grc' dir='ltr'>μή,</span> <span class='ocrx_word' id='word_1_142' title='bbox 730 1187 934 1243; x_wconf 84' lang='grc' dir='ltr'>ἀποφύγῃ,</span> <span class='ocrx_word' id='word_1_143' title='bbox 966 1186 1105 1237; x_wconf 84' lang='grc' dir='ltr'>ἄτιμον</span> <span class='ocrx_word' id='word_1_144' title='bbox 1136 1186 1358 1236; x_wconf 85' lang='grc' dir='ltr'>Ἀθηναίων</span> <span class='ocrx_word' id='word_1_145' title='bbox 1389 1185 1443 1226; x_wconf 83' lang='grc' dir='ltr'>ἕν’</span> <span class='ocrx_word' id='word_1_146' title='bbox 1473 1185 1574 1225; x_wconf 79' lang='grc' dir='ltr'>εἶναι</span> 
     </span>
     <span class='ocr_line' id='line_1_22' title="bbox 243 1252 1570 1308; baseline -0.003 -12"><span class='ocrx_word' id='word_1_147' title='bbox 243 1260 304 1297; x_wconf 81' lang='grc' dir='ltr'>δεῖ</span> <span class='ocrx_word' id='word_1_148' title='bbox 327 1258 389 1296; x_wconf 83' lang='grc' dir='ltr'>καὶ</span> <span class='ocrx_word' id='word_1_149' title='bbox 413 1255 510 1306; x_wconf 86' lang='grc' dir='ltr'>μήτε</span> <span class='ocrx_word' id='word_1_150' title='bbox 542 1255 778 1308; x_wconf 84' lang='grc' dir='ltr'>συγγνώμης</span> <span class='ocrx_word' id='word_1_151' title='bbox 813 1253 910 1304; x_wconf 87' lang='grc' dir='ltr'>μήτε</span> <span class='ocrx_word' id='word_1_152' title='bbox 940 1254 1064 1305; x_wconf 89' lang='grc' dir='ltr'>λόγου</span> <span class='ocrx_word' id='word_1_153' title='bbox 1097 1252 1194 1303; x_wconf 87' lang='grc' dir='ltr'>μήτε</span> <span class='ocrx_word' id='word_1_154' title='bbox 1220 1253 1430 1294; x_wconf 79' lang='grc' dir='ltr'>ἐπιεικείας</span> <span class='ocrx_word' id='word_1_155' title='bbox 1453 1254 1570 1302; x_wconf 91' lang='grc' dir='ltr'>μηδε-</span> 
     </span>
     <span class='ocr_line' id='line_1_23' title="bbox 241 1318 1571 1375; baseline -0.004 -12"><span class='ocrx_word' id='word_1_156' title='bbox 241 1327 332 1373; x_wconf 75' lang='grc' dir='ltr'>μιας</span> <span class='ocrx_word' id='word_1_157' title='bbox 369 1326 519 1375; x_wconf 88' lang='grc' dir='ltr'>τυχεῖν,</span> <span class='ocrx_word' id='word_1_158' title='bbox 547 1323 571 1362; x_wconf 72' lang='grc' dir='ltr'><strong><em>ἃ</em></strong></span> <span class='ocrx_word' id='word_1_159' title='bbox 607 1323 667 1361; x_wconf 87' lang='grc' dir='ltr'>καὶ</span> <span class='ocrx_word' id='word_1_160' title='bbox 701 1325 783 1362; x_wconf 80' lang='grc' dir='ltr'>τοῖς</span> <span class='ocrx_word' id='word_1_161' title='bbox 817 1323 940 1362; x_wconf 84' lang='grc' dir='ltr'>ὄντως</span> <span class='ocrx_word' id='word_1_162' title='bbox 973 1321 1177 1360; x_wconf 74' lang='grc' dir='ltr'>ἀδικοῦσιν</span> <span class='ocrx_word' id='word_1_163' title='bbox 1211 1318 1353 1360; x_wconf 80' lang='grc' dir='ltr'>ἅπανθ’</span> <span class='ocrx_word' id='word_1_164' title='bbox 1390 1318 1571 1372; x_wconf 85' lang='grc' dir='ltr'>ὑπάρχει.</span> 
     </span>
     <span class='ocr_line' id='line_1_24' title="bbox 242 1385 1572 1441; baseline -0.005 -11"><span class='ocrx_word' id='word_1_165' title='bbox 242 1390 334 1430; x_wconf 81' lang='grc' dir='ltr'>ἀλλ’</span> <span class='ocrx_word' id='word_1_166' title='bbox 369 1388 501 1438; x_wconf 84' lang='grc' dir='ltr'>ἐπειδή</span> <span class='ocrx_word' id='word_1_167' title='bbox 528 1389 564 1441; x_wconf 87' lang='grc' dir='ltr'>γ’</span> <span class='ocrx_word' id='word_1_168' title='bbox 593 1389 793 1438; x_wconf 87' lang='grc' dir='ltr'>ἠτίμωσεν</span> <span class='ocrx_word' id='word_1_169' title='bbox 812 1387 859 1427; x_wconf 85' lang='grc' dir='ltr'>ὃν</span> <span class='ocrx_word' id='word_1_170' title='bbox 877 1386 1094 1438; x_wconf 82' lang='grc' dir='ltr'>ἐβουλήθη,</span> <span class='ocrx_word' id='word_1_171' title='bbox 1118 1387 1179 1426; x_wconf 90' lang='grc' dir='ltr'>καὶ</span> <span class='ocrx_word' id='word_1_172' title='bbox 1205 1385 1308 1426; x_wconf 73' lang='grc' dir='ltr'>τοῦτ’</span> <span class='ocrx_word' id='word_1_173' title='bbox 1334 1385 1572 1438; x_wconf 87' lang='grc' dir='ltr'>ἐχαρίσασθ’</span> 
     </span>
     <span class='ocr_line' id='line_1_25' title="bbox 242 1452 1570 1511; baseline -0.003 -15"><span class='ocrx_word' id='word_1_174' title='bbox 242 1457 351 1511; x_wconf 74' lang='grc' dir='ltr'>αὐτῷ,</span> <span class='ocrx_word' id='word_1_175' title='bbox 382 1457 443 1496; x_wconf 79' lang='grc' dir='ltr'>καὶ</span> <span class='ocrx_word' id='word_1_176' title='bbox 474 1456 547 1506; x_wconf 79' lang='grc' dir='ltr'>τὴν</span> <span class='ocrx_word' id='word_1_177' title='bbox 583 1457 720 1504; x_wconf 84' lang='grc' dir='ltr'>ἀναιδῆ</span> <span class='ocrx_word' id='word_1_178' title='bbox 753 1455 928 1506; x_wconf 86' lang='grc' dir='ltr'>γνώμην,</span> <span class='ocrx_word' id='word_1_179' title='bbox 959 1452 986 1510; x_wconf 82' lang='grc' dir='ltr'><em>ᾗ</em></span> <span class='ocrx_word' id='word_1_180' title='bbox 1012 1457 1132 1493; x_wconf 84' lang='grc' dir='ltr'>ταῦτα</span> <span class='ocrx_word' id='word_1_181' title='bbox 1161 1457 1405 1504; x_wconf 86' lang='grc' dir='ltr'>προαιρεῖται</span> <span class='ocrx_word' id='word_1_182' title='bbox 1431 1455 1570 1498; x_wconf 85' lang='grc' dir='ltr'>ποιεῖν,</span> 
     </span>
     <span class='ocr_line' id='line_1_26' title="bbox 243 1518 1570 1573; baseline -0.003 -10"><span class='ocrx_word' id='word_1_183' title='bbox 243 1523 466 1573; x_wconf 77' lang='grc' dir='ltr'>ἐνέπλησεν</span> <span class='ocrx_word' id='word_1_184' title='bbox 497 1524 627 1567; x_wconf 70' lang='grc' dir='ltr'>αὑτοῦ,</span> <span class='ocrx_word' id='word_1_185' title='bbox 657 1521 774 1562; x_wconf 83' lang='grc' dir='ltr'>ἐκεῖν’</span> <span class='ocrx_word' id='word_1_186' title='bbox 809 1521 987 1570; x_wconf 86' lang='grc' dir='ltr'>ἐποίησε,</span> <span class='ocrx_word' id='word_1_187' title='bbox 1017 1520 1089 1570; x_wconf 75' lang='grc' dir='ltr'>τὴν</span> <span class='ocrx_word' id='word_1_188' title='bbox 1122 1521 1334 1569; x_wconf 86' lang='grc' dir='ltr'>καταδίκην</span> <span class='ocrx_word' id='word_1_189' title='bbox 1364 1518 1570 1564; x_wconf 83' lang='grc' dir='ltr'>ἐκτέτεικε,</span> 
     </span>
     <span class='ocr_line' id='line_1_27' title="bbox 242 1585 1572 1641; baseline -0.003 -12"><span class='ocrx_word' id='word_1_190' title='bbox 242 1591 289 1629; x_wconf 83' lang='grc' dir='ltr'>δι’</span> <span class='ocrx_word' id='word_1_191' title='bbox 322 1590 369 1640; x_wconf 82' lang='grc' dir='ltr'>ἣν</span> <span class='ocrx_word' id='word_1_192' title='bbox 399 1589 467 1630; x_wconf 83' lang='grc' dir='ltr'>τὸν</span> <span class='ocrx_word' id='word_1_193' title='bbox 498 1590 706 1641; x_wconf 84' lang='grc' dir='ltr'>ἄνθρωπον</span> <span class='ocrx_word' id='word_1_194' title='bbox 735 1589 966 1633; x_wconf 86' lang='grc' dir='ltr'>ἀπώλεσεν,·</span> <span class='ocrx_word' id='word_1_195' title='bbox 1005 1587 1094 1627; x_wconf 80' lang='grc' dir='ltr'>οὐδὲ</span> <span class='ocrx_word' id='word_1_196' title='bbox 1123 1590 1300 1640; x_wconf 80' lang='grc' dir='ltr'>χαλκοῦν</span> <span class='ocrx_word' id='word_1_197' title='bbox 1330 1585 1482 1626; x_wconf 80' lang='grc' dir='ltr'>οὐδέπω</span> <span class='ocrx_word' id='word_1_198' title='bbox 1510 1587 1572 1625; x_wconf 81' lang='grc' dir='ltr'>καὶ</span> 
     </span>
     <span class='ocr_line' id='line_1_28' title="bbox 241 1652 1572 1709; baseline -0.003 -14"><span class='ocrx_word' id='word_1_199' title='bbox 241 1656 423 1709; x_wconf 81' lang='grc' dir='ltr'>τήμερον,</span> <span class='ocrx_word' id='word_1_200' title='bbox 453 1658 559 1696; x_wconf 80' lang='grc' dir='ltr'>ἀλλὰ</span> <span class='ocrx_word' id='word_1_201' title='bbox 585 1657 694 1705; x_wconf 87' lang='grc' dir='ltr'>δίκην</span> <span class='ocrx_word' id='word_1_202' title='bbox 732 1654 896 1704; x_wconf 82' lang='grc' dir='ltr'>ἐξούλης</span> <span class='ocrx_word' id='word_1_203' title='bbox 926 1653 1111 1704; x_wconf 83' lang='grc' dir='ltr'>ὑπομένει</span> <span class='ocrx_word' id='word_1_204' title='bbox 1141 1654 1317 1705; x_wconf 82' lang='grc' dir='ltr'>φεύγειν.</span> <span class='ocrx_word' id='word_1_205' title='bbox 1389 1652 1526 1692; x_wconf 76' lang='grc' dir='ltr'>οὐκοῦν</span> <span class='ocrx_word' id='word_1_206' title='bbox 1551 1653 1572 1691; x_wconf 90' lang='grc' dir='ltr'>ὁ</span> 
     </span>
     <span class='ocr_line' id='line_1_29' title="bbox 241 1718 1569 1774; baseline -0.005 -10"><span class='ocrx_word' id='word_1_207' title='bbox 241 1727 313 1774; x_wconf 79' lang='grc' dir='ltr'>μὲν</span> <span class='ocrx_word' id='word_1_208' title='bbox 338 1724 528 1774; x_wconf 85' lang='grc' dir='ltr'>ἠτίμωται</span> <span class='ocrx_word' id='word_1_209' title='bbox 555 1723 615 1762; x_wconf 76' lang='grc' dir='ltr'>καὶ</span> <span class='ocrx_word' id='word_1_210' title='bbox 644 1722 950 1773; x_wconf 87' lang='grc' dir='ltr'>παραπόλωλεν,</span> <span class='ocrx_word' id='word_1_211' title='bbox 980 1721 999 1759; x_wconf 87' lang='grc' dir='ltr'><strong><em>ὁ</em></strong></span> <span class='ocrx_word' id='word_1_212' title='bbox 1030 1720 1063 1760; x_wconf 76' lang='grc' dir='ltr'>δ’</span> <span class='ocrx_word' id='word_1_213' title='bbox 1089 1719 1168 1760; x_wconf 68' lang='grc' dir='ltr'>οὐδ’</span> <span class='ocrx_word' id='word_1_214' title='bbox 1198 1721 1327 1759; x_wconf 68' lang='grc' dir='ltr'>ὁτιοῦν</span> <span class='ocrx_word' id='word_1_215' title='bbox 1359 1718 1569 1765; x_wconf 87' lang='grc' dir='ltr'>πέπονθεν,</span> 
     </span>
     <span class='ocr_line' id='line_1_30' title="bbox 243 1785 1572 1839; baseline -0.004 -9"><span class='ocrx_word' id='word_1_216' title='bbox 243 1790 334 1831; x_wconf 83' lang='grc' dir='ltr'>ἀλλ’</span> <span class='ocrx_word' id='word_1_217' title='bbox 364 1790 443 1830; x_wconf 83' lang='grc' dir='ltr'>ἄνω</span> <span class='ocrx_word' id='word_1_218' title='bbox 480 1789 581 1829; x_wconf 89' lang='grc' dir='ltr'>κάτω</span> <span class='ocrx_word' id='word_1_219' title='bbox 611 1789 700 1830; x_wconf 81' lang='grc' dir='ltr'>τοὺς</span> <span class='ocrx_word' id='word_1_220' title='bbox 733 1789 885 1839; x_wconf 78' lang='grc' dir='ltr'>νόμους,</span> <span class='ocrx_word' id='word_1_221' title='bbox 922 1787 1012 1828; x_wconf 79' lang='grc' dir='ltr'>τοὺς</span> <span class='ocrx_word' id='word_1_222' title='bbox 1043 1786 1254 1836; x_wconf 84' lang='grc' dir='ltr'>διαιτητάς,</span> <span class='ocrx_word' id='word_1_223' title='bbox 1288 1785 1402 1826; x_wconf 88' lang='grc' dir='ltr'>πάνθ’</span> <span class='ocrx_word' id='word_1_224' title='bbox 1431 1785 1494 1825; x_wconf 80' lang='grc' dir='ltr'>ὄσ’</span> <span class='ocrx_word' id='word_1_225' title='bbox 1523 1785 1572 1825; x_wconf 84' lang='grc' dir='ltr'>ἂν</span> 
     </span>
     <span class='ocr_line' id='line_1_31' title="bbox 242 1855 1570 1908; baseline -0.005 -10"><span class='ocrx_word' id='word_1_226' title='bbox 242 1858 438 1908; x_wconf 75' lang='grc' dir='ltr'>βούληται</span> <span class='ocrx_word' id='word_1_227' title='bbox 459 1856 637 1908; x_wconf 86' lang='grc' dir='ltr'>στρέφει.</span> <span class='ocrx_word' id='word_1_228' title='bbox 703 1856 764 1895; x_wconf 85' lang='grc' dir='ltr'>καὶ</span> <span class='ocrx_word' id='word_1_229' title='bbox 785 1855 856 1904; x_wconf 77' lang='grc' dir='ltr'>τὴν</span> <span class='ocrx_word' id='word_1_230' title='bbox 881 1857 952 1905; x_wconf 83' lang='grc' dir='ltr'>μὲν</span> <span class='ocrx_word' id='word_1_231' title='bbox 975 1856 1073 1893; x_wconf 79' lang='grc' dir='ltr'>κατὰ</span> <span class='ocrx_word' id='word_1_232' title='bbox 1096 1857 1164 1893; x_wconf 76' lang='grc' dir='ltr'>τοῦ</span> <span class='ocrx_word' id='word_1_233' title='bbox 1183 1856 1381 1903; x_wconf 76' lang='grc' dir='ltr'>διαιτητοῦ</span> <span class='ocrx_word' id='word_1_234' title='bbox 1406 1856 1570 1904; x_wconf 84' lang='grc' dir='ltr'>γνῶσιν,</span> 
     </span>
     <span class='ocr_line' id='line_1_32' title="bbox 244 1920 1570 1975; baseline -0.005 -11"><span class='ocrx_word' id='word_1_235' title='bbox 244 1924 290 1973; x_wconf 77' lang='grc' dir='ltr'>ἣν</span> <span class='ocrx_word' id='word_1_236' title='bbox 324 1925 606 1975; x_wconf 76' lang='grc' dir='ltr'>ἀπρόσκλητον</span> <span class='ocrx_word' id='word_1_237' title='bbox 643 1921 947 1966; x_wconf 85' lang='grc' dir='ltr'>κατεσκεύασεν,</span> <span class='ocrx_word' id='word_1_238' title='bbox 984 1921 1100 1962; x_wconf 80' lang='grc' dir='ltr'>αὐτὸς</span> <span class='ocrx_word' id='word_1_239' title='bbox 1134 1922 1269 1971; x_wconf 87' lang='grc' dir='ltr'>κυρίαν</span> <span class='ocrx_word' id='word_1_240' title='bbox 1301 1921 1402 1973; x_wconf 76' lang='grc' dir='ltr'>αὐτῷ</span> <span class='ocrx_word' id='word_1_241' title='bbox 1434 1920 1570 1958; x_wconf 87' lang='grc' dir='ltr'>πεποί-</span> 
     </span>
    </p>
   </div>
   <div class='ocr_carea' id='block_1_8' title="bbox 243 1985 1572 2109">
    <p class='ocr_par' dir='ltr' id='par_1_8' title="bbox 243 1985 1572 2109">
     <span class='ocr_line' id='line_1_33' title="bbox 243 1985 1572 2040; baseline -0.005 -10"><span class='ocrx_word' id='word_1_242' title='bbox 243 2008 344 2040; x_wconf 90' lang='grc' dir='ltr'>ηται·</span> <span class='ocrx_word' id='word_1_243' title='bbox 398 1990 446 2040; x_wconf 83' lang='grc' dir='ltr'>ἣν</span> <span class='ocrx_word' id='word_1_244' title='bbox 486 1990 517 2029; x_wconf 79' lang='grc' dir='ltr'>δ’</span> <span class='ocrx_word' id='word_1_245' title='bbox 560 1990 675 2031; x_wconf 83' lang='grc' dir='ltr'>αὐτὸς</span> <span class='ocrx_word' id='word_1_246' title='bbox 717 1986 855 2040; x_wconf 68' lang='grc' dir='ltr'>ὦφλεν</span> <span class='ocrx_word' id='word_1_247' title='bbox 897 1988 982 2038; x_wconf 86' lang='grc' dir='ltr'>ἐμοὶ</span> <span class='ocrx_word' id='word_1_248' title='bbox 1023 1988 1302 2039; x_wconf 83' lang='grc' dir='ltr'>προσκληθείς,</span> <span class='ocrx_word' id='word_1_249' title='bbox 1342 1986 1465 2031; x_wconf 80' lang='grc' dir='ltr'>εἰδώς,</span> <span class='ocrx_word' id='word_1_250' title='bbox 1504 1985 1572 2025; x_wconf 83' lang='grc' dir='ltr'>οὐκ</span> 
     </span>
     <span class='ocr_line' id='line_1_34' title="bbox 245 2053 1567 2109; baseline -0.004 -12"><span class='ocrx_word' id='word_1_251' title='bbox 245 2059 444 2103; x_wconf 85' lang='grc' dir='ltr'>ἀπαντῶν,</span> <span class='ocrx_word' id='word_1_252' title='bbox 465 2057 605 2109; x_wconf 82' lang='grc' dir='ltr'>ἄκυρον</span> <span class='ocrx_word' id='word_1_253' title='bbox 642 2059 758 2096; x_wconf 89' lang='grc' dir='ltr'>ποιεῖ.</span> <span class='ocrx_word' id='word_1_254' title='bbox 829 2056 954 2095; x_wconf 88' lang='grc' dir='ltr'>καίτοι</span> <span class='ocrx_word' id='word_1_255' title='bbox 986 2056 1018 2094; x_wconf 82' lang='grc' dir='ltr'>εἰ</span> <span class='ocrx_word' id='word_1_256' title='bbox 1050 2056 1154 2105; x_wconf 80' lang='grc' dir='ltr'>παρὰ</span> <span class='ocrx_word' id='word_1_257' title='bbox 1173 2057 1251 2093; x_wconf 84' lang='grc' dir='ltr'>τῶν</span> <span class='ocrx_word' id='word_1_258' title='bbox 1282 2053 1425 2105; x_wconf 84' lang='grc' dir='ltr'>ἔρημον</span> <span class='ocrx_word' id='word_1_259' title='bbox 1453 2068 1567 2092; x_wconf 88' lang='grc' dir='ltr'>κατα-</span> 
     </span>
    </p>
   </div>
   <div class='ocr_carea' id='block_1_9' title="bbox 244 2118 1569 2175">
    <p class='ocr_par' dir='ltr' id='par_1_9' title="bbox 244 2118 1569 2175">
     <span class='ocr_line' id='line_1_35' title="bbox 244 2118 1569 2175; baseline -0.005 -11"><span class='ocrx_word' id='word_1_260' title='bbox 244 2124 533 2175; x_wconf 87' lang='grc' dir='ltr'>διαιτησάντων</span> <span class='ocrx_word' id='word_1_261' title='bbox 567 2123 685 2163; x_wconf 80' lang='grc' dir='ltr'>αὐτοῦ</span> <span class='ocrx_word' id='word_1_262' title='bbox 717 2122 955 2172; x_wconf 88' lang='grc' dir='ltr'>τηλικαύτην</span> <span class='ocrx_word' id='word_1_263' title='bbox 985 2121 1095 2171; x_wconf 88' lang='grc' dir='ltr'>δίκην</span> <span class='ocrx_word' id='word_1_264' title='bbox 1129 2121 1241 2162; x_wconf 78' lang='grc' dir='ltr'>οὗτος</span> <span class='ocrx_word' id='word_1_265' title='bbox 1275 2119 1380 2169; x_wconf 81' lang='grc' dir='ltr'>ἀξιοῖ</span> <span class='ocrx_word' id='word_1_266' title='bbox 1409 2118 1569 2169; x_wconf 60' lang='grc' dir='ltr'>λαμβά·</span> 
     </span>
    </p>
   </div>
   <div class='ocr_carea' id='block_1_10' title="bbox 245 2228 1571 2359">
    <p class='ocr_par' dir='ltr' id='par_1_10' title="bbox 245 2228 1571 2359">
     <span class='ocr_line' id='line_1_36' title="bbox 293 2228 1567 2274; baseline -0.004 -10"><span class='ocrx_word' id='word_1_267' title='bbox 293 2245 326 2264; x_wconf 78' lang='lat'>11</span> <span class='ocrx_word' id='word_1_268' title='bbox 356 2236 428 2274; x_wconf 79' lang='grc' dir='ltr'>ἐξῆν</span> <span class='ocrx_word' id='word_1_269' title='bbox 445 2239 525 2264; x_wconf 84' lang='lat' dir='ltr'>ante</span> <span class='ocrx_word' id='word_1_270' title='bbox 543 2235 627 2273; x_wconf 79' lang='grc' dir='ltr'>αὐτῷ</span> <span class='ocrx_word' id='word_1_271' title='bbox 646 2231 676 2261; x_wconf 90' lang='grc' dir='ltr'><strong>Α</strong></span> <span class='ocrx_word' id='word_1_272' title='bbox 691 2231 736 2261; x_wconf 83' lang='lat' dir='ltr'>F:</span> <span class='ocrx_word' id='word_1_273' title='bbox 762 2236 838 2270; x_wconf 80' lang='lat' dir='ltr'>post</span> <span class='ocrx_word' id='word_1_274' title='bbox 856 2233 940 2271; x_wconf 81' lang='grc' dir='ltr'>αὐτῷ</span> <span class='ocrx_word' id='word_1_275' title='bbox 959 2230 981 2261; x_wconf 84' lang='lat' dir='ltr'>S</span> <span class='ocrx_word' id='word_1_276' title='bbox 1000 2230 1042 2261; x_wconf 76' lang='lat' dir='ltr'>al.</span> <span class='ocrx_word' id='word_1_277' title='bbox 1152 2231 1188 2259; x_wconf 87' lang='lat'>16</span> <span class='ocrx_word' id='word_1_278' title='bbox 1212 2230 1329 2270; x_wconf 64' lang='grc' dir='ltr'>λόγου]</span> <span class='ocrx_word' id='word_1_279' title='bbox 1350 2229 1442 2260; x_wconf 83' lang='grc' dir='ltr'>ἐλέου</span> <span class='ocrx_word' id='word_1_280' title='bbox 1462 2228 1484 2259; x_wconf 88' lang='lat' dir='ltr'>S</span> <span class='ocrx_word' id='word_1_281' title='bbox 1501 2242 1567 2269; x_wconf 73' lang='grc' dir='ltr'>γρ..</span> 
     </span>
     <span class='ocr_line' id='line_1_37' title="bbox 245 2273 1571 2315; baseline -0.003 -8"><span class='ocrx_word' id='word_1_282' title='bbox 245 2278 284 2308; x_wconf 84' lang='lat' dir='ltr'>cf.</span> <span class='ocrx_word' id='word_1_283' title='bbox 309 2281 344 2314; x_wconf 56' lang='grc' dir='ltr'>ἐξ</span> <span class='ocrx_word' id='word_1_284' title='bbox 366 2288 434 2312; x_wconf 81' lang='grc' dir='ltr'>ιοο,</span> <span class='ocrx_word' id='word_1_285' title='bbox 460 2286 528 2314; x_wconf 80' lang='grc'>105,</span> <span class='ocrx_word' id='word_1_286' title='bbox 549 2287 613 2315; x_wconf 87' lang='lat'>209</span> <span class='ocrx_word' id='word_1_287' title='bbox 778 2276 816 2305; x_wconf 86' lang='lat'>18</span> <span class='ocrx_word' id='word_1_288' title='bbox 842 2276 1039 2315; x_wconf 73' lang='grc' dir='ltr'>ἐχαρίσασθε</span> <span class='ocrx_word' id='word_1_289' title='bbox 1057 2276 1140 2314; x_wconf 83' lang='grc' dir='ltr'>αὐτῷ</span> <span class='ocrx_word' id='word_1_290' title='bbox 1159 2274 1254 2304; x_wconf 88' lang='lat' dir='ltr'>codd.</span> <span class='ocrx_word' id='word_1_291' title='bbox 1272 2285 1277 2304; x_wconf 86' lang='lat'>:</span> <span class='ocrx_word' id='word_1_292' title='bbox 1306 2273 1468 2313; x_wconf 82' lang='grc' dir='ltr'>ἐχαρίσαθ“</span> <span class='ocrx_word' id='word_1_293' title='bbox 1487 2274 1571 2313; x_wconf 80' lang='grc' dir='ltr'>αὑτῷ</span> 
     </span>
     <span class='ocr_line' id='line_1_38' title="bbox 248 2316 1567 2359; baseline -0.005 -8"><span class='ocrx_word' id='word_1_294' title='bbox 248 2321 381 2351; x_wconf 79' lang='lat' dir='ltr'>Dobree</span> <span class='ocrx_word' id='word_1_295' title='bbox 522 2331 563 2350; x_wconf 87' lang='lat'>22</span> <span class='ocrx_word' id='word_1_296' title='bbox 587 2319 719 2359; x_wconf 79' lang='grc' dir='ltr'>φεύγειν</span> <span class='ocrx_word' id='word_1_297' title='bbox 736 2319 825 2357; x_wconf 86' lang='lat' dir='ltr'>vulg.</span> <span class='ocrx_word' id='word_1_298' title='bbox 848 2318 870 2348; x_wconf 82' lang='lat' dir='ltr'>S</span> <span class='ocrx_word' id='word_1_299' title='bbox 889 2327 975 2348; x_wconf 83' lang='lat' dir='ltr'>corr.</span> <span class='ocrx_word' id='word_1_300' title='bbox 995 2329 1001 2348; x_wconf 74' lang='grc' dir='ltr'>ε</span> <span class='ocrx_word' id='word_1_301' title='bbox 1026 2325 1150 2358; x_wconf 84' lang='grc' dir='ltr'>φευγην</span> <span class='ocrx_word' id='word_1_302' title='bbox 1167 2317 1201 2347; x_wconf 82' lang='lat' dir='ltr'>S¹</span> <span class='ocrx_word' id='word_1_303' title='bbox 1218 2328 1225 2347; x_wconf 74' lang='grc' dir='ltr'>ε</span> <span class='ocrx_word' id='word_1_304' title='bbox 1249 2317 1377 2356; x_wconf 76' lang='grc' dir='ltr'>φεύγων</span> <span class='ocrx_word' id='word_1_305' title='bbox 1395 2316 1424 2346; x_wconf 95' lang='lat' dir='ltr'>O</span> <span class='ocrx_word' id='word_1_306' title='bbox 1438 2316 1467 2345; x_wconf 91' lang='lat' dir='ltr'><strong>Y</strong></span> <span class='ocrx_word' id='word_1_307' title='bbox 1484 2326 1567 2346; x_wconf 84' lang='lat' dir='ltr'>corr.</span> 
     </span>
    </p>
   </div>
   <div class='ocr_carea' id='block_1_11' title="bbox 246 2360 1572 2488">
    <p class='ocr_par' dir='ltr' id='par_1_11' title="bbox 246 2360 1572 2488">
     <span class='ocr_line' id='line_1_39' title="bbox 246 2360 1572 2402; baseline -0.003 -8"><span class='ocrx_word' id='word_1_308' title='bbox 246 2376 285 2402; x_wconf 86' lang='lat'>24</span> <span class='ocrx_word' id='word_1_309' title='bbox 311 2367 361 2396; x_wconf 80' lang='grc' dir='ltr'>καὶ</span> <span class='ocrx_word' id='word_1_310' title='bbox 380 2364 465 2395; x_wconf 82' lang='grc' dir='ltr'>κάτω</span> <span class='ocrx_word' id='word_1_311' title='bbox 483 2364 512 2393; x_wconf 90' lang='grc' dir='ltr'>Α</span> <span class='ocrx_word' id='word_1_312' title='bbox 526 2363 560 2401; x_wconf 73' lang='lat' dir='ltr'>F,</span> <span class='ocrx_word' id='word_1_313' title='bbox 580 2363 620 2393; x_wconf 87' lang='lat' dir='ltr'>cf.</span> <span class='ocrx_word' id='word_1_314' title='bbox 642 2373 709 2392; x_wconf 85' lang='lat' dir='ltr'>xxv</span> <span class='ocrx_word' id='word_1_315' title='bbox 729 2371 767 2400; x_wconf 83' lang='lat'>75</span> <span class='ocrx_word' id='word_1_316' title='bbox 945 2362 987 2390; x_wconf 85' lang='lat'>26</span> <span class='ocrx_word' id='word_1_317' title='bbox 1012 2360 1137 2402; x_wconf 73' lang='grc' dir='ltr'>[αὐτὸς]</span> <span class='ocrx_word' id='word_1_318' title='bbox 1163 2361 1271 2401; x_wconf 82' lang='grc' dir='ltr'>κυρίαν</span> <span class='ocrx_word' id='word_1_319' title='bbox 1293 2362 1377 2399; x_wconf 82' lang='grc' dir='ltr'>αὐτῷ</span> <span class='ocrx_word' id='word_1_320' title='bbox 1398 2360 1572 2397; x_wconf 86' lang='grc' dir='ltr'>πεποίηκεν</span> 
     </span>
     <span class='ocr_line' id='line_1_40' title="bbox 249 2402 1571 2444; baseline -0.002 -8"><span class='ocrx_word' id='word_1_321' title='bbox 249 2409 407 2437; x_wconf 79' lang='lat' dir='ltr'>Dobree:</span> <span class='ocrx_word' id='word_1_322' title='bbox 440 2407 545 2441; x_wconf 76' lang='grc' dir='ltr'>αὐτός,</span> <span class='ocrx_word' id='word_1_323' title='bbox 578 2407 703 2437; x_wconf 66' lang='lat' dir='ltr'>,deleto</span> <span class='ocrx_word' id='word_1_324' title='bbox 728 2415 846 2436; x_wconf 87' lang='lat' dir='ltr'>comm.</span> <span class='ocrx_word' id='word_1_325' title='bbox 877 2410 953 2444; x_wconf 84' lang='lat' dir='ltr'>post</span> <span class='ocrx_word' id='word_1_326' title='bbox 978 2405 1129 2441; x_wconf 69' lang='grc' dir='ltr'>κατεσκ,)</span> <span class='ocrx_word' id='word_1_327' title='bbox 1156 2404 1264 2444; x_wconf 78' lang='grc' dir='ltr'>κυρίαν</span> <span class='ocrx_word' id='word_1_328' title='bbox 1289 2405 1372 2443; x_wconf 81' lang='grc' dir='ltr'>αὐτῷ</span> <span class='ocrx_word' id='word_1_329' title='bbox 1396 2402 1571 2439; x_wconf 81' lang='grc' dir='ltr'>πεποίηκεν</span> 
     </span>
     <span class='ocr_line' id='line_1_41' title="bbox 247 2449 629 2488; baseline -0.005 -7"><span class='ocrx_word' id='word_1_330' title='bbox 247 2451 345 2481; x_wconf 82' lang='lat' dir='ltr'>Blass</span> <span class='ocrx_word' id='word_1_331' title='bbox 413 2451 586 2488; x_wconf 83' lang='grc' dir='ltr'>πεποίηκεν</span> <span class='ocrx_word' id='word_1_332' title='bbox 605 2449 629 2479; x_wconf 87' lang='lat' dir='ltr'>F</span> 
     </span>
    </p>
   </div>
   <div class='ocr_carea' id='block_1_12' title="bbox 1598 870 1635 892">
    <p class='ocr_par' dir='ltr' id='par_1_12' title="bbox 1598 870 1635 892">
     <span class='ocr_line' id='line_1_42' title="bbox 1598 870 1635 892; baseline 0.027 -1"><span class='ocrx_word' id='word_1_333' title='bbox 1598 870 1635 892; x_wconf 85' lang='lat'>10</span> 
     </span>
    </p>
   </div>
   <div class='ocr_carea' id='block_1_13' title="bbox 1598 1203 1632 1234">
    <p class='ocr_par' dir='ltr' id='par_1_13' title="bbox 1598 1203 1632 1234">
     <span class='ocr_line' id='line_1_43' title="bbox 1598 1203 1632 1234; baseline 0 0"><span class='ocrx_word' id='word_1_334' title='bbox 1598 1203 1632 1234; x_wconf 86' lang='lat'>15</span> 
     </span>
    </p>
   </div>
   <div class='ocr_carea' id='block_1_14' title="bbox 1595 1534 1634 1555">
    <p class='ocr_par' dir='ltr' id='par_1_14' title="bbox 1595 1534 1634 1555">
     <span class='ocr_line' id='line_1_44' title="bbox 1595 1534 1634 1555; baseline 0 0"><span class='ocrx_word' id='word_1_335' title='bbox 1595 1534 1634 1555; x_wconf 88' lang='lat'>20</span> 
     </span>
    </p>
   </div>
  </div>
 </body>
</html>
