1737 2734
118 862 156 883 10

115 1529 154 1550 20

177 136 276 190 xxv]
428 138 557 178 KAT’
607 141 1166 180 ΑΡΙΣΤΟΓΕΙΤΟΝΟΣ
1214 143 1245 180 Α

176 244 239 283 καὶ
267 246 337 294 τῆς
366 244 484 294 αὐτῆς
509 245 669 297 φύσεως
699 244 966 297 εὑρεθήσεται.
1037 246 1134 298 πρὸς
1163 248 1235 297 μὲν
1260 247 1336 298 γὰρ
1359 250 1411 301 τῷ
1437 246 1505 287 τὸν

174 310 310 362 πατέρ’
343 312 386 351 ἐν
417 315 471 366 τῷ
504 312 756 366 δεσμωτηρίῳ
789 312 957 364 προδοὺς
991 313 1181 353 ἀπελθεῖν
1214 311 1261 364 ἐξ
1285 312 1501 365 Ἐρετρίας,

174 378 311 429 ὥσπερ
343 377 539 427 ἠκούσατε
568 379 754 430 Φαίδρου,
786 379 1024 420 ἀποθανόνθ’
1055 381 1075 419 ὁ
1107 379 1263 431 ἀσεβὴς
1297 380 1409 422 οὗτος
1442 381 1504 420 καὶ

173 444 312 496 μιαρὸς
336 444 404 484 οὐκ
436 445 600 497 ἔθαψεν,
628 446 717 486 οὐδὲ
741 449 824 487 τοῖς
853 446 1011 498 θάψασι
1035 446 1106 496 τὴν
1131 446 1262 498 ταφὴν
1288 447 1501 492 ἀπέδωκεν,

175 511 281 550 ἀλλὰ
312 512 374 551 καὶ
405 513 515 561 δίκην
545 511 640 563 πρὸς
669 512 829 565 ἔλαχεν.
900 513 997 565 πρὸς
1027 516 1068 553 δὲ
1098 517 1151 567 τῷ
1181 516 1250 564 τῆς
1277 515 1423 566 μητρὸς
1451 514 1503 565 μὴ

175 579 435 630 ἀπεσχῆσθαι
450 579 503 618 τὼ
523 582 644 631 χεῖρε,
666 578 803 631 ὥσπερ
818 579 960 631 ἀρτίως
975 579 1171 629 ἠκούσατε
1187 584 1265 621 τῶν
1283 581 1502 633 μαρτύρων,

175 644 237 684 καὶ
269 644 341 694 τὴν
374 645 554 697 ἀδελφὴν
586 645 657 695 τὴν
690 647 841 691 ἑαυτοῦ,
878 646 951 699 οὐχ
985 647 1226 698 ὁμοπατρίαν
1258 649 1332 698 μὲν
1364 648 1502 694 οὖσαν,

175 710 370 763 θυγατέρα
399 711 433 751 δ’
458 713 609 761 ἐκείνης
639 712 901 762 ὁπωσδήποτε
931 713 1148 765 γενομένην
1171 713 1235 763 (ἐῶ
1261 715 1336 767 γὰρ
1361 713 1502 764 τοῦτο),

175 777 267 817 ἀλλ’
286 777 467 829 ἀδελφήν
487 795 545 830 γε,
569 778 628 819 ἐπ’
649 778 832 836 ἐξαγωγῇ
857 779 1039 825 ἀπέδοτο,
1062 781 1113 822 ὥς
1133 786 1236 832 φησι
1260 781 1306 821 τὸ
1326 781 1504 833 ἔγκλημα

174 846 243 894 τῆς
268 844 388 894 δίκης,
415 843 463 894 ἣν
488 846 584 896 ὑπὲρ
609 845 758 886 τούτων
784 845 929 899 ἔλαχεν
954 847 1057 901 αὐτῷ
1083 848 1104 887 ὁ
1128 847 1302 900 χρηστὸς
1329 848 1504 901 ἀδελφὸς

174 911 324 957 οὑτοσί,
343 912 363 950 ὁ
382 915 451 951 νῦν
471 913 914 964 συναπολογησόμενος.
968 913 1064 965 πρὸς
1084 916 1125 955 δὲ
1144 915 1296 956 τούτοις
1312 915 1503 958 τοιούτοις

173 977 287 1018 οὖσιν
312 978 445 1029 ἕτερον
470 979 612 1024 δεινόν,
634 977 663 1018 ὦ
690 981 738 1030 γῆ
765 979 828 1019 καὶ
854 981 948 1025 θεοί,
970 980 1114 1032 πρᾶγμ’
1133 981 1369 1022 ἀκούσεσθε.
1438 983 1503 1023 ὅτε

174 1046 249 1096 γὰρ
269 1044 312 1084 τὸ
336 1043 605 1096 δεσμωτήριον
630 1044 809 1096 διορύξας
833 1045 995 1098 ἀπέδρα,
1016 1047 1106 1087 τότε
1126 1047 1222 1099 πρὸς
1241 1048 1406 1100 γυναῖκά
1430 1048 1503 1089 τιν’

174 1112 335 1164 ἔρχεται
363 1113 528 1162 Ζωβίαν
556 1113 692 1162 ὄνομα,
722 1110 745 1168 ᾗ
774 1113 1003 1166 ἐτύγχανεν,
1037 1114 1086 1155 ὡς
1116 1114 1231 1160 ε’ὀικε,
1264 1115 1504 1167 κεχρημένος

137 1177 282 1226 ςποτέ·
322 1179 384 1218 καὶ
419 1179 577 1230 κρύπτει
611 1179 674 1218 καὶ
707 1177 886 1233 διασῴζει
918 1181 988 1221 τὰς
1021 1181 1177 1232 πρώτας
1207 1181 1353 1233 ἡμέρας
1385 1182 1504 1223 αὐτὸν

175 1246 318 1295 ἐκείνη,
345 1245 389 1286 ἃς
416 1243 576 1295 ἐζήτουν
601 1245 664 1285 καὶ
690 1244 899 1297 ἐκήρυττον
925 1249 961 1287 οῖ
991 1247 1141 1293 ἕνδεκα,
1170 1248 1231 1287 καὶ
1257 1251 1357 1298 μετὰ
1382 1253 1503 1289 ταῦτα

174 1314 300 1352 δοῦσα
333 1313 511 1365 δραχμὰς
544 1312 644 1352 ὀκτὼ
679 1313 843 1364 ἐφόδιον
877 1314 938 1353 καὶ
972 1315 1211 1366 χιτωνίσκον
1249 1315 1312 1354 καὶ
1349 1315 1503 1366 ἱμάτιον

174 1378 402 1430 ἐξέπεμψεν
429 1380 483 1420 εἷς
510 1378 690 1430 Μέγαρα.
752 1379 897 1429 ταύτην
921 1380 991 1430 τὴν
1016 1380 1235 1432 ἄνθρωπον,
1262 1381 1334 1432 τὴν
1357 1386 1490 1423 τοιαῦτ

173 1444 496 1498 εὐεργετήσασαν
515 1445 645 1491 αὐτόν,
669 1445 719 1487 ὡς
738 1445 863 1488 πολὺς
881 1446 971 1499 παρ’
989 1448 1077 1497 ὑμῖν
1098 1447 1207 1487 ἔπνει
1225 1449 1289 1488 καὶ
1307 1450 1500 1501 λαμπρός,

172 1511 431 1563 μεμφομένην
462 1529 499 1552 τι
533 1513 596 1552 καὶ
625 1512 773 1552 τούτων
802 1514 1184 1569 ὑπομιμνῄσκουσαν
1216 1515 1277 1554 καὶ
1312 1515 1503 1566 ἀξιοῦσαν

174 1578 215 1619 εὖ
239 1581 378 1620 παθεῖν
403 1578 447 1618 τὸ
475 1581 549 1629 μὲν
573 1583 729 1630 πρῶτον
747 1579 919 1631 ῥαπίσας
941 1580 1003 1620 καὶ
1023 1580 1245 1631 ἀπειλήσας
1264 1581 1502 1634 ἀπέπεμψεν

172 1645 250 1686 ἀπὸ
274 1648 342 1696 τῆς
368 1646 504 1691 οἰκίας,
527 1645 578 1687 ὡς
604 1645 635 1686 δ’
655 1645 724 1685 οὐκ
749 1646 907 1687 ἐπαύεθ’
927 1646 949 1697 ἡ
970 1646 1188 1699 ἄνθρωπος,
1209 1649 1316 1688 ἀλλὰ
1341 1651 1503 1701 γυναίου

173 1712 320 1764 πρᾶγμ’
346 1714 471 1753 ἐποίει
501 1711 561 1752 καὶ
586 1711 681 1764 πρὸς
709 1712 799 1754 τοὺς
823 1714 1043 1764 γνωρίμους
1073 1715 1282 1766 προσιοῦσ’
1307 1715 1499 1762 ἐνεκάλει,

171 1780 314 1830 λαβὼν
338 1779 454 1820 αὐτὸς
484 1779 709 1833 αὐτοχειρίᾳ
733 1779 830 1831 πρὸς
860 1779 905 1820 τὸ
934 1782 1184 1832 πωλητηρίον
1208 1786 1277 1822 τοῦ
1305 1784 1501 1832 μετοικίου

172 1845 391 1898 ἀπήγαγεν·
431 1846 493 1885 καὶ
530 1847 563 1886 εἰ
598 1846 650 1896 μὴ
687 1863 867 1897 κειμενον
903 1846 1000 1904 αὐτῇ
1032 1847 1078 1887 τὸ
1112 1850 1311 1898 μετοίκιον
1345 1849 1498 1902 ἔτυχεν,

171 1911 357 1964 ἐπέπρατ’
376 1911 423 1952 ἂν
443 1914 505 1952 διὰ
529 1916 680 1959 τοῦτον,
702 1911 730 1967 ᾧ
748 1915 816 1963 τῆς
842 1915 1037 1966 σωτηρίας
1063 1914 1158 1964 αὐτῆ
1179 1916 1283 1955 αἰτία
1310 1917 1498 1967 ἐγεγόνει.

172 1980 235 2019 καὶ
267 1978 376 2019 ταῦθ’
411 1979 462 2020 ὡς
498 1980 624 2029 ἀληθῆ
659 1978 777 2031 λέγω,
814 1979 925 2020 κάλει
960 1997 1027 2031 μοι
1062 1981 1131 2021 τὸν
1164 1981 1234 2031 τὴν
1267 1982 1399 2034 ταφὴν
1431 1987 1498 2023 τοῦ

171 2045 316 2098 πατρὸς
351 2045 418 2086 οὐκ
455 2046 720 2098 ἀπειληφότα,
755 2047 818 2087 καὶ
854 2051 922 2087 τὸν
953 2050 1022 2097 τῆς
1058 2049 1164 2098 δίκης
1201 2049 1414 2100 διαιτητήν,
1448 2048 1497 2099 ἣν

213 2165 232 2193 5
257 2156 331 2196 πρὸς
350 2155 471 2195 ἔλαχεν
490 2154 654 2185 Dindorf:
679 2154 887 2196 προσέλαχεν
903 2157 992 2194 vulg.
1126 2159 1148 2187 6
1171 2158 1222 2189 καὶ
1240 2162 1318 2187 ante
1336 2161 1401 2189 τῶν
1417 2158 1492 2188 add.

171 2197 206 2227 S¹
222 2198 252 2228 Y
387 2208 404 2236 7
430 2198 528 2230 οὖσαν
545 2209 609 2228 om.
632 2198 657 2228 F
803 2209 839 2237 17
865 2199 949 2231 ὀκτὼ
966 2202 1110 2241 δραχμᾶς
1128 2200 1153 2230 F
1300 2211 1337 2239 19
1361 2201 1401 2238 ἧν
1416 2207 1495 2240 post

169 2243 314 2283 λαμπρὸς
331 2242 405 2272 add.
426 2242 514 2280 vulg.
535 2252 542 2272 :
565 2252 630 2272 om.
651 2241 675 2271 S
692 2241 785 2272 solus
889 2252 927 2272 21
956 2244 1165 2276 ἆντευπαθεΐν
1182 2244 1287 2275 Cobet
1391 2254 1431 2282 24
1455 2246 1494 2277 τὸ

167 2309 175 2316 .
196 2309 203 2316 .
226 2309 233 2316 .
254 2284 431 2325 μετοικίου]
450 2285 525 2317 τοὺς
540 2286 691 2323 πωλητὰς
709 2285 805 2315 Blass
821 2285 895 2316 coll.
919 2290 933 2323 ξ
952 2296 991 2325 57
1010 2291 1042 2317 et
1061 2286 1228 2326 Harpocr.
1245 2297 1272 2318 s.
1286 2298 1316 2318 v.
1331 2289 1495 2327 μετοίκιον

167 2331 226 2360 τοῦ
248 2329 411 2368 μετοικίου
434 2328 517 2359 secl.
546 2327 684 2367 Sauppe
854 2330 895 2359 26
927 2331 1007 2368 αὐτὴ
1031 2329 1144 2368 vulg:
1179 2332 1260 2369 αὕτη
1284 2330 1380 2361 AO:
1412 2345 1493 2369 αυτη

170 2374 372 2412 (correctum
398 2382 441 2402 ex
466 2370 572 2411 αυτηι)
599 2370 661 2403 S¹t
688 2372 766 2403 secl.
785 2371 877 2403 Weil
968 2374 1054 2405 αἰτία.
1078 2383 1142 2403 om.
1170 2372 1218 2413 S¹,
1245 2374 1286 2405 cf.
1313 2374 1394 2404 xviii
1417 2384 1491 2413 270,

168 2415 227 2445 xix
247 2416 306 2454 178

1539 142 1652 196 [786]

1539 314 1647 369 [787]

1539 529 1578 566 55

1494 1383 1577 1428 ’57

1533 1963 1644 2016 [788]
