1737 2734
131 524 149 554 5

112 1188 148 1219 ¹5

173 129 287 185 xxn']
507 136 666 174 ΚΑΤΑ
714 136 1163 175 ΤΙΜΟΚΡΑΤΟὙΣ
1530 134 1644 191 [702]

171 241 235 280 ἐπὶ
251 239 401 280 τούτοις
418 239 547 281 αὐτοῖς
566 240 863 286 ἀναλώσαντος,
884 243 981 291 πρὸς
1001 243 1042 281 δὲ
1058 241 1213 282 τούτοις
1230 241 1500 292 δικαστηρίοιν

170 309 278 347 δυοῖν
297 307 352 348 εἰς
378 307 447 346 ἕνα
473 308 535 347 καὶ
560 308 715 359 χιλίους
735 306 1043 360 ἐψηφισμένων,
1066 308 1232 358 ἐνούσης
1257 306 1290 347 δ’
1317 306 1500 357 οὐδεμιᾶς

170 372 223 412 ἔτ’
249 373 511 425 ἀποστροφῆς
535 377 604 413 τοῦ
627 373 679 424 μὴ
705 375 754 413 τὰ
783 372 953 427 χρήματ’
978 373 1087 427 ἔχειν
1111 375 1223 425 ὑμᾶς,
1249 372 1500 426 Τιμοκράτης

170 439 308 479 οὑτοσὶ
326 439 483 479 τοσοῦθ’
508 441 710 490 ὑπερεῖδεν
735 439 891 480 ἅπαντα
916 442 964 480 τὰ
990 440 1213 493 πράγματα,
1234 441 1339 481 ὥστε
1363 441 1499 491 τίθησι

168 506 325 546 τουτονὶ
361 510 430 546 τὸν
467 507 600 557 νόμον,
635 507 683 547 δι’
720 507 765 547 οὗ
801 511 880 547 τῶν
914 509 1027 559 ἱερῶν
1059 509 1132 557 μὲν
1164 507 1379 561 χρημάτων
1408 507 1499 549 τοὺς

170 573 295 618 θεούς,
332 577 411 613 τῶν
447 573 568 614 ὁσίων
607 576 648 614 δὲ
685 574 757 624 τὴν
795 575 913 614 πόλιν
950 575 1176 626 ἀποστερεῖ,
1215 574 1336 626 ἄκυρα
1371 576 1414 615 δὲ
1449 575 1498 614 τὰ
1528 575 1642 631 [703]

170 638 390 691 γνωσθένθ’
415 639 493 680 ὑπὸ
516 643 586 691 τῆς
609 643 762 692 βουλῆς
793 641 855 681 καὶ
884 644 952 681 τοῦ
978 639 1100 691 δήμου
1126 641 1188 681 καὶ
1214 645 1283 681 τοῦ
1307 644 1494 691 δικαστη-

168 707 256 758 ρίου
281 707 528 757 καθίστησιν,
556 707 691 748 ἄδειαν
724 709 765 748 δὲ
798 709 847 747 τὰ
879 709 989 748 κοινὰ
1019 707 1246 760 διαρπάζειν
1269 711 1323 762 τῷ
1347 712 1495 759 βουλο-

169 773 275 827 μένῳ
294 775 521 824 πεποίηκεν.
579 775 676 826 ὑπὲρ
696 774 741 824 δὴ
761 775 909 814 τούτων
925 773 1110 815 ἁπάντων
1125 775 1245 815 λύσιν
1265 776 1498 827 εὑρίσκομεν
1531 791 1575 817 10

114 856 151 877 10
169 841 314 890 ταύτην
339 841 465 880 οὖσαν
496 841 634 892 μόνην,
662 843 695 882 εἰ
725 839 980 894 γραψάμενοι
1004 841 1072 882 τὸν
1102 841 1224 892 νόμον
1250 843 1313 882 καὶ
1333 843 1496 893 εἰσαγα-

170 907 309 958 γόντες
329 908 384 949 εἰς
400 909 499 958 ὑμᾶς
517 911 638 948 λῦσαι
658 909 882 959 δυναίμεθα.
944 907 990 959 ἐξ
1007 909 1130 961 ἀρχῆς
1150 908 1218 948 οὖν
1236 910 1278 948 ἐν
1297 907 1499 962 βραχέσιν

169 975 217 1012 τὰ
254 973 483 1027 πραχθέντα
519 976 634 1025 δίειμι
671 979 767 1027 πρὸς
803 976 915 1026 ὑμᾶς,
954 976 1018 1015 ἵνα
1053 977 1210 1026 μᾶλλον
1248 975 1400 1026 μάθητε
1436 977 1499 1016 καὶ

170 1039 550 1090 παρακολουθήσητε
572 1045 655 1083 τοῖς
680 1043 768 1093 περὶ
793 1042 862 1081 τὸν
887 1042 1009 1092 νόμον
1036 1041 1155 1081 αὐτὸν
1180 1041 1430 1092 ἀδικήμασιν.

235 1105 419 1159 Ψήφισμ’
451 1107 560 1148 εἶπεν
590 1109 632 1148 ἐν
661 1109 750 1159 ὑμῖν
780 1108 1035 1160 Ἀριστοφῶν
1069 1107 1234 1148 ἑλέσθαι
1261 1108 1436 1159 ζητητάς,
1464 1110 1499 1149 εἰ
1532 1122 1569 1149 11

169 1173 212 1213 δέ
235 1190 295 1215 τις
320 1173 426 1214 οἶδέν
444 1173 519 1214 τιν’
543 1172 566 1224 ἢ
592 1178 670 1215 τῶν
689 1176 804 1226 ἱερῶν
828 1172 949 1225 ἢτῶν
975 1176 1098 1216 ὁσίων
1118 1174 1332 1227 χρημάτων
1352 1175 1499 1228 ἔχοντά

168 1257 206 1280 τι
230 1242 299 1290 τῆς
326 1241 492 1286 πόλεως,
513 1242 676 1292 μηνύειν
696 1241 792 1294 πρὸς
817 1242 988 1283 τούτους.
1053 1243 1152 1293 μετὰ
1171 1241 1276 1282 ταῦτ’
1302 1241 1498 1292 ἐμήνυσεν

171 1305 389 1358 Εὐκτήμων
413 1308 523 1361 ἔχειν
548 1307 767 1361 Ἀρχέβιον
789 1308 850 1349 καὶ
870 1308 1111 1359 Λυσιθείδην
1130 1308 1498 1362 τριηραρχήσαντας

169 1372 352 1427 χρήματα
378 1374 680 1427 Ναυκρατιτικά,
702 1376 849 1426 τίμημα
874 1374 1035 1416 τάλαντ’
1061 1374 1176 1416 ε’ννέα
1201 1375 1264 1416 καὶ
1288 1375 1497 1427 τριάκοντα

168 1444 280 1491 μνᾶς.
351 1443 554 1492 προσῆλθε
590 1448 637 1498 τῇ
672 1446 816 1499 βουλῇ,
856 1442 1125 1494 προβούλευμ’
1158 1442 1328 1495 ἐγράφη.
1399 1444 1497 1493 μετὰ

113 1521 151 1542 20
168 1508 290 1548 ταῦτα
331 1507 546 1560 γενομένης
595 1510 810 1559 ἐκκλησίας
862 1509 1247 1562 προύχειροτόνησεν
1294 1510 1315 1548 ὁ
1361 1511 1494 1560 δῆμος.

169 1574 344 1616 ἀναστὰς
383 1574 601 1626 Εὐκτήμων
643 1575 748 1628 ἔλεγ’
788 1575 894 1616 ἄλλα
935 1592 978 1616 τε
1016 1577 1151 1616 πολλὰ
1189 1576 1253 1616 καὶ
1291 1575 1497 1626 διεξῆλθεν
1532 1588 1572 1613 12

169 1640 266 1693 πρὸς
301 1641 400 1692 ὑμᾶς
437 1641 489 1683 ὡς
525 1641 642 1693 ἔλαβ’
677 1642 700 1692 ἡ
738 1641 896 1695 τριήρης
931 1646 975 1682 τὸ
1011 1647 1153 1683 πλοῖον
1185 1643 1207 1693 ἡ
1243 1642 1497 1683 Μελάνωπον

169 1707 322 1761 ἄγουσα
366 1709 428 1749 καὶ
478 1708 704 1759 Γλαυκέτην
747 1709 809 1749 καὶ
848 1709 1114 1761 Ἀνδροτίωνα
1152 1711 1404 1761 πρεσβευτὰς
1446 1709 1498 1751 ὡς

170 1774 415 1822 Μαύσωλον,
454 1775 506 1817 ὡς
544 1775 690 1816 ἔθεσαν
725 1776 798 1826 τὴν
835 1777 1032 1828 ἱκετηρίαν
1067 1777 1121 1817 ὧν
1160 1775 1208 1826 ἣν
1243 1777 1291 1816 τὰ
1327 1775 1498 1830 χρήμαθ’

169 1840 382 1894 ἅνθρωποι,
414 1842 466 1884 ὡς
498 1841 877 1897 ἀπεχειροτονήσαθ’
909 1845 1017 1894 ὑμεῖς
1051 1843 1104 1894 μὴ
1136 1842 1238 1896 φίλι’
1265 1842 1365 1883 εἶναι
1393 1843 1495 1888 τότε,

170 1906 391 1959 ἀνέμνησεν
420 1909 532 1959 ὑμᾶς,
563 1910 654 1952 τοὺς
683 1910 825 1961 νόμους
857 1909 1009 1961 ἀνέγνω
1042 1909 1126 1949 καθ’
1158 1910 1224 1951 οὓς
1258 1910 1396 1950 τοῦτον
1429 1909 1498 1950 τὸν

168 1974 315 2025 τρόπον
363 1975 622 2028 πραχθέντων
663 1978 732 2026 τῆς
780 1977 935 2019 πόλεως
983 1978 1162 2029 γίγνεται
1210 1978 1258 2016 τὰ
1298 1975 1493 2029 χρήματα.

171 2042 296 2081 ἐδόκει
320 2041 450 2082 δίκαια
473 2041 608 2094 λέγειν
633 2044 724 2094 ὑμῖν
750 2042 914 2083 ἅπασιν.
975 2042 1234 2094 ἀναπηδήσας
1258 2042 1498 2094 Ἀνδροτίων
1532 2055 1572 2090 13

170 2107 233 2148 καὶ
253 2107 477 2158 Γλαυκέτης
504 2110 566 2149 καὶ
588 2108 840 2151 Μελάνωπος
859 2110 937 2158 (καὶ
962 2109 1072 2149 ταυτὶ
1094 2109 1270 2150 σκοπεῖτ’
1296 2109 1344 2150 ἂν
1368 2110 1496 2159 ἀληθῆ
1529 2107 1645 2163 [704]

213 2218 233 2247 8
257 2216 407 2258 ἁρπάζειν
424 2216 468 2247 Α1
598 2228 619 2257 9
643 2217 699 2258 δὴ]
717 2218 751 2250 δὲ
770 2218 801 2248 Α
892 2218 1086 2261 ηὑρίσκομεν
1111 2218 1209 2249 Blass
1340 2228 1377 2258 13
1403 2219 1499 2251 αὐτὸν

171 2271 235 2291 om.
264 2262 295 2291 A
478 2262 516 2291 18
547 2262 785 2303 Ναυκρατιτικά
808 2261 840 2292 Α
865 2261 907 2294 al.
933 2267 967 2292 et
995 2262 1206 2302 exemplaria
1232 2261 1418 2294 Ἀττικιανά
1444 2272 1497 2301 ap.

171 2303 337 2343 Harpocr.
359 2315 375 2334 s
397 2315 428 2336 v,
450 2304 640 2345 ναυκραρικά
654 2315 661 2334 t
686 2305 923 2346 ναυκρατητικά
940 2305 964 2336 S
978 2305 1004 2336 L
1019 2305 1048 2335 Y
1060 2305 1090 2336 O
1104 2305 1129 2335 F
1277 2314 1319 2344 25
1343 2305 1498 2346 ἅνθρωποι

171 2347 326 2378 Bekker:
352 2349 505 2389 ἄνθρωποι
524 2348 612 2387 vulg.
635 2348 659 2379 S
676 2358 763 2380 corr.
780 2359 787 2378 :
816 2349 987 2391 ἀνθρώποις
1006 2346 1045 2379 Sl
1062 2353 1096 2380 et
1113 2349 1198 2381 ἀνοΐς
1220 2347 1264 2378 L:
1292 2348 1371 2379 secl.
1390 2348 1498 2379 Cobet

171 2390 248 2422 εἶναι
271 2391 359 2428 τότε,
388 2391 507 2422 Blass:
541 2392 630 2424 εἶναι.
677 2392 756 2424 τότε
781 2392 857 2423 edd.
884 2391 1037 2432 plerique
1193 2393 1235 2421 26
1266 2391 1389 2432 ἀνέγνω
1412 2392 1493 2422 secl.

173 2433 319 2472 Dobree,
331 2439 422 2465 recte
435 2435 556 2475 opinor
646 2445 686 2474 27
706 2436 833 2476 ἐγίνετο
846 2434 877 2465 Α
967 2445 1010 2475 29
1025 2436 1077 2467 καὶ
1092 2434 1291 2468 Μελάνωπος
1306 2445 1370 2468 om.
1382 2435 1407 2466 S
1422 2435 1447 2465 L
1459 2435 1484 2465 F
