1737 2734
97 511 114 541 5

79 842 116 864 10

75 1507 114 1530 20

74 1841 111 1873 25

138 116 258 172 xxm]
453 120 583 161 KAT’
627 122 1141 161 ΑΡΙΣΤΟΚΡΑΤΟΎΣ

202 224 263 265 Οὐ
293 225 426 265 τοίνυν
456 224 536 265 οὐδ’
565 225 694 266 ἐκεῖνό
724 225 777 276 μ’,
804 223 834 265 ὦ
863 225 1002 277 ἄνδρες
1032 225 1250 276 Ἀθηναῖοι,
1276 224 1462 277 λέληθεν,

136 294 196 332 ὅτι
211 293 342 341 ἁπλῆν
361 294 433 342 μὲν
452 291 540 332 οὐδὲ
561 293 714 333 δικαίαν
734 292 814 332 οὐδ’
836 292 1015 343 ἡντινοῦν
1035 293 1259 345 ἀπολογίαν
1278 291 1462 345 Ἀριστο-

137 358 280 410 κράτης
308 357 388 409 ἕξει
416 358 564 411 λέγειν,
591 360 832 411 παραγωγὰς
862 358 906 399 δέ
934 376 1046 400 τινας
1076 360 1257 400 τοιαύτας
1288 360 1379 412 ἐρεῖ,
1413 359 1464 401 ὡς

136 426 211 477 ἄρα
235 427 369 465 πολλὰ
398 425 543 465 τοιαῦτ’
573 425 645 476 ἤδη
678 425 820 478 γέγονε
848 427 1095 478 ψηφίσματα
1124 429 1304 468 πολλοῖς.
1376 426 1464 467 ἔστι

135 492 168 532 δ’
205 492 331 539 οὐδέν,
370 490 399 532 ὦ
436 492 573 545 ἄνδρες
608 491 825 540 Ἀθηναῖοι,
864 496 977 532 τοῦτο
1017 495 1183 543 σημεῖον
1218 496 1287 533 τοῦ
1324 496 1463 534 τοῦτον

135 558 265 609 ἔννομ’
292 558 499 610 εἰρηκέναι·
551 559 700 599 πολλαὶ
725 561 801 612 γὰρ
830 558 1055 611 προφάσεις
1084 559 1189 600 εἰσὶν
1218 559 1266 600 δι’
1292 560 1336 602 ἃς
1361 565 1460 601 πολ-

134 624 248 667 λάκις
277 627 386 676 ὑμεῖς
411 625 676 676 ἐξηπάτησθε.
735 626 817 666 οἷον
844 627 880 666 εἴ
902 642 938 666 τι
967 630 1045 666 τῶν
1070 627 1305 667 ἑαλωκότων
1330 630 1458 679 ψηφι-

136 691 299 742 σμάτων
324 692 412 745 παρ’
445 694 535 743 ὑμῖν
559 692 611 743 μὴ
638 691 806 745 ἐγράφη,
835 693 966 744 κύριον
995 692 1044 733 ἂν
1073 692 1266 743 δήπουθεν
1296 692 1356 743 ἦν·
1400 694 1463 734 καὶ

134 758 211 809 μὴν
236 761 342 811 παρὰ
370 759 460 800 τοὺς
490 760 632 810 νόμους
656 759 693 811 γ’
723 759 770 799 ἂν
796 760 939 812 εἴρητο.
1011 760 1073 800 καὶ
1103 761 1139 799 εἴ
1166 761 1206 800 τί
1233 777 1276 812 γε
1308 762 1462 813 γραφὲν

135 822 158 875 ἢ
190 825 445 877 καθυφέντων
474 830 552 866 τῶν
581 826 810 878 κατηγόρων
840 823 863 875 ἢ
892 826 944 876 μὴ
974 825 1221 876 δυνηθέντων
1250 829 1373 877 μηδὲν
1404 830 1459 867 δι-

136 891 250 942 δάξαι
286 891 503 944 ἀπέφυγεν,
536 892 598 932 καὶ
629 892 733 932 τοῦτ’
763 892 876 933 οὐδὲν
910 893 1052 933 κωλύει
1086 892 1314 945 παράνομον
1347 894 1460 934 εἶναι.

135 959 202 998 οὐκ
238 958 297 1010 ἄρ’
336 959 564 1010 εὐορκοῦσιν
603 960 639 999 οἱ
674 958 907 1001 δικάσαντες
945 959 1059 1005 αὐτό;
1095 961 1172 1000 ναί.
1243 963 1346 1007 πῶς;
1384 961 1461 1013 ἐγὼ

135 1023 291 1074 διδάξω.
362 1026 498 1081 γνώμῃ
528 1031 575 1082 τῇ
605 1025 830 1081 δικαιοτάτῃ
860 1025 1039 1066 δικάσειν
1066 1027 1335 1077 ὀμωμόκασιν,
1366 1027 1389 1077 ἡ
1419 1030 1460 1068 δὲ

134 1094 203 1142 τῆς
222 1093 378 1144 γνώμης
393 1091 490 1142 δόξα
509 1092 579 1144 ἀφ’
598 1093 653 1132 ὧν
671 1092 719 1132 ἂν
737 1092 941 1132 ἀκούσωσι
959 1093 1211 1145 παρίσταται·
1250 1094 1315 1134 ὅτε
1330 1094 1462 1134 τοίνυν

135 1161 232 1198 κατὰ
251 1160 396 1209 ταύτην
415 1159 551 1200 ἔθεντο
570 1158 641 1209 τὴν
660 1161 816 1212 ψῆφον,
836 1160 1088 1210 εὐσεβοῦσιν.
1144 1163 1220 1201 πᾶς
1235 1162 1310 1212 γὰρ
1328 1161 1347 1199 ὁ
1362 1159 1460 1211 μήτε

134 1225 183 1265 δι’
209 1225 356 1278 ἔχθραν
380 1225 478 1276 μήτε
503 1225 551 1266 δι’
577 1226 732 1266 εὔνοιαν
750 1225 847 1277 μήτε
867 1225 917 1266 δι’
941 1225 1071 1277 ἄλλην
1095 1226 1230 1267 ἄδικον
1255 1228 1461 1279 πρόφασιν

132 1293 324 1343 μηδεμίαν
340 1292 429 1344 παρ’
444 1293 468 1332 ἃ
483 1293 697 1345 γιγνώσκει
712 1292 874 1344 θέμενος
889 1292 960 1343 τὴν
976 1295 1120 1346 ψῆφον
1135 1292 1310 1344 εὐσεβεῖ·
1337 1295 1370 1334 εἰ
1387 1295 1460 1346 γὰρ

133 1358 333 1411 ἠγνόησέν
350 1377 387 1399 τι
406 1360 702 1410 διδασκόμενος,
723 1363 791 1400 τοῦ
809 1359 861 1411 μὴ
882 1364 1059 1400 συνεῖναι
1079 1360 1190 1410 δίκην
1215 1359 1283 1400 οὐκ
1303 1361 1462 1413 ὀφείλει

133 1428 279 1466 δοῦναι·
329 1425 422 1466 ἀλλ’
451 1428 487 1467 εἴ
513 1443 571 1468 τις
601 1427 713 1468 εἰδὼς
741 1427 912 1468 ἐκείνους
941 1425 1185 1478 προδέδωκεν
1213 1423 1237 1477 ἢ
1271 1425 1458 1482 ἐξαπατᾷ,

133 1492 245 1534 οὗτός
270 1492 354 1533 ἐστ’
381 1493 522 1546 ἔνοχος
546 1499 594 1550 τῇ
618 1494 706 1549 ἀρᾷ.
776 1493 913 1545 διόπερ
939 1496 1152 1544 καταρᾶται
1177 1493 1262 1534 καθ’
1287 1493 1460 1544 ἑκάστην

133 1561 351 1610 ἐκκλησίαν
376 1561 396 1600 ὁ
423 1559 553 1612 κῆρυξ,
581 1559 650 1600 οὐκ
680 1561 716 1601 εἴ
743 1577 845 1602 τινες
870 1558 1189 1611 ἐξηπατήθησαν,
1216 1560 1309 1601 ἀλλ’
1343 1562 1381 1602 εἴ
1402 1577 1460 1603 τις

134 1625 308 1682 ἐξαπατᾷ
334 1626 468 1679 λέγων
495 1623 519 1678 ἢ
548 1627 704 1678 βουλὴν
733 1624 756 1677 ἢ
787 1629 911 1678 δῆμον
941 1623 964 1677 ἢ
994 1626 1065 1676 τὴν
1090 1627 1264 1678 ἡλιαίαν.
1334 1626 1387 1679 μὴ
1413 1627 1459 1677 δὴ

132 1693 235 1733 τοῦθ’
269 1695 360 1745 ὑμῖν
392 1696 481 1735 ἐᾶτε
513 1693 661 1747 λέγειν,
696 1694 747 1736 ὡς
775 1693 954 1747 γέγονεν,
986 1692 1078 1734 ἀλλ’
1108 1694 1159 1736 ὡς
1192 1694 1280 1734 ἔστι
1309 1695 1460 1735 δίκαιον

133 1760 354 1812 γίγνεσθαι,
375 1760 464 1811 μηδ’
491 1760 542 1803 ὡς
562 1761 689 1813 ἕτεροι
713 1760 948 1802 δικάσαντες
973 1761 1178 1813 ἐκύρωσαν
1197 1762 1340 1807 ἐκεῖνα,
1367 1761 1460 1802 ἀλλ’

132 1827 230 1876 ὑμᾶς
269 1827 409 1869 αὐτοὺς
452 1826 607 1878 ἀξιοῦτε
645 1826 846 1868 διδάσκειν
886 1828 937 1869 ὡς
978 1827 1185 1881 δικαιότερ’
1222 1828 1333 1878 ἡμῶν
1370 1828 1460 1880 περὶ

132 1896 244 1934 τοῦδε
278 1893 480 1946 λέγουσιν.
541 1895 574 1934 εἰ
610 1896 652 1934 δὲ
685 1898 798 1934 τοῦτο
834 1894 886 1945 μὴ
923 1893 1172 1944 δυνήσονται,
1207 1895 1296 1948 οὐχὶ
1331 1898 1460 1936 καλῶς

133 1959 241 2013 ἔχειν
277 1962 365 2011 ὑμῖν
401 1960 569 2013 ἡγοῦμαι
603 1960 675 2011 τὴν
710 1960 855 2013 ἑτέρων
891 1960 1045 2011 ἀπάτην
1075 1960 1312 2013 κυριωτέραν
1344 1960 1457 2011 ποιή-

133 2029 284 2067 σασθαι
318 2029 387 2077 τῆς
423 2027 611 2079 ὑμετέρας
652 2027 779 2068 αὐτῶν
816 2028 987 2080 γνώμης.
1058 2027 1115 2068 ἔτι
1153 2028 1287 2068 τοίνυν
1324 2028 1459 2080 ἔμοιγε

132 2095 241 2134 δοκεῖ
263 2095 326 2134 καὶ
352 2093 497 2146 σφόδρ’
517 2093 677 2144 ἀναιδὴς
703 2095 723 2133 ὁ
747 2098 922 2136 τοιοῦτος
942 2094 1042 2134 εἶναι
1060 2095 1195 2146 λόγος,
1218 2094 1269 2136 ὡς
1293 2094 1459 2147 γέγονεν

174 2212 195 2241 3
217 2216 306 2235 τινας
329 2208 408 2233 ante
433 2201 583 2235 τοιαύτας
607 2201 657 2233 Α;
690 2207 768 2242 post
792 2202 942 2235 τοιαύτας
968 2201 992 2233 S
1017 2202 1108 2241 vulg.
1265 2204 1285 2233 8
1310 2205 1381 2243 ὑμῖν
1403 2202 1459 2234 A:

131 2246 207 2285 ἡμῖν
224 2246 248 2277 S
261 2246 327 2277 FY
339 2247 370 2276 O
541 2257 562 2285 9
583 2259 623 2286 ’γε
640 2245 783 2287 γραφὲν]
800 2245 969 2287 ’γέγραφεν
987 2245 1011 2276 S
1030 2247 1221 2283 (accentum
1238 2247 1313 2277 add.
1332 2248 1435 2287 corr.)
1450 2258 1456 2277 ε

130 2289 256 2330 ’γραφέν
277 2289 309 2330 ’γ’
332 2290 430 2320 Blass
581 2299 619 2319 10
651 2289 746 2329 prius
769 2290 788 2327 ἢ
814 2294 940 2328 puncto
966 2293 1118 2319 notatum
1144 2295 1177 2319 et
1201 2290 1347 2320 deletum
1373 2290 1407 2320 in
1433 2290 1457 2320 S

135 2342 173 2371 15
200 2333 262 2371 τὴν
283 2332 408 2373 ψῆφον]
433 2334 496 2371 τὴν
517 2332 651 2374 ’γνώμην
674 2333 725 2364 διὰ
749 2332 851 2373 λόγου
874 2332 899 2363 F
1035 2342 1073 2371 19
1102 2334 1205 2364 ἐκεῖνο
1228 2336 1410 2375 προῦδωκεν
1427 2333 1458 2364 Α

130 2386 170 2413 24
193 2375 344 2417 γενέσθαι
361 2375 392 2406 Α
405 2375 430 2406 F

174 2440 360 2470 DEMOSTH„
378 2440 455 2461 vox„
477 2441 512 2461 11.
1289 2433 1328 2463 12

1494 118 1613 178 [652]

1494 242 1537 277 9>

1492 631 1537 672 96

1491 1172 1535 1207 97

1493 1291 1608 1346 [653]

1490 2040 1535 2074 99
