1737 2734
36 761 74 783 10

38 1843 78 1874 30

95 149 167 204 xx]
489 153 649 192 ΠΡΟΣ
698 151 1035 190 AEHTINHN

93 252 131 290 δὲ
160 252 202 290 τὸ
233 254 399 302 πρᾶγμα,
430 250 485 288 ὅτι
515 250 715 300 παρέβηὸ
695 250 858 299 υνόμος
887 248 992 288 οἶτος
1026 249 1188 286 παλαιὸν
1222 248 1334 296 ιόμον
1367 249 1432 285 τὸν

93 306 252 358 λέγοντα
271 307 336 345 τὰς
355 307 420 343 τοῦ
441 305 560 354 δήμου
581 305 717 353 δωρεὰς
747 304 839 342 εἶναι
859 304 1034 352 βεβαίας·
1067 303 1281 342 ιπεναντίος
1301 319 1364 339 ουν
1383 305 1434 354 τῷ

93 361 193 412 νόμῳ
220 359 325 399 οὗτός
351 362 464 403 ἐστιν,
486 359 542 397 ὅτι
570 360 787 399 κελεύοντος
815 358 965 402 ἐκείνου,
993 358 1087 397 ὅσας
1112 359 1132 394 ὁ
1159 357 1274 405 δῆμος
1300 356 1432 394 δέδωκε

93 415 237 464 δωρεάς,
259 430 382 463 κυριας
408 413 509 457 εἶναι,
532 413 637 453 οὗτος
665 412 911 462 ἀφαιρεῖσθαι
938 413 1003 452 τὰς
1020 411 1230 480 δεδομένας
1245 412 1427 459 βιάζεται.

93 472 144 520 τῷ
168 469 205 506 δὲ
232 468 357 506 δικαίω
386 468 624 518 ἱσχυριζεται,
650 468 706 505 ὅτι
734 469 776 505 οὐ
804 466 859 504 δεῖ
883 483 967 506 τοῖς
995 467 1185 517 εὐεργέτας
1212 467 1433 514 ἀποστερεῖν

94 524 275 572 ἀμοιβῶν.
334 523 384 573 τῷ
414 522 452 560 δὲ
481 523 715 571 συμφέροντι
745 524 880 572 τριχῶς
911 521 1150 572 ἰσχυρίζεται,
1178 523 1324 569 πρῶτον
1352 520 1431 569 μέν,

94 579 150 615 ὅτι
180 578 403 626 ἀσύμφορον
432 578 518 626 ὑμῖν
546 577 758 628 γενήσεται,
790 578 854 613 ἐὰν
883 576 967 615 τοὺς
997 576 1188 626 εὐεργέτας
1219 574 1433 623 ἀφαιρῆσθε

93 632 160 679 τὴν
180 631 327 679 δωρεάν·
360 631 480 669 οὐκέτι
500 633 572 682 γὰρ
597 632 616 667 ὁ
642 630 792 667 Λεύκων
818 630 956 679 πέμψει
982 631 1068 679 ὑμῖν
1093 630 1158 667 τὸν
1179 631 1285 666 σῖτον
1306 632 1346 666 ἐκ
1367 631 1434 666 τοῦ

95 686 305 735 Βοσπόρου.
375 686 543 734 δεύτερον
583 684 632 727 δέ,
670 685 726 722 ὅτι
766 684 990 733 ἀσύμφορον
1026 685 1114 733 ὑμῖν
1151 686 1268 721 ἔσται·
1314 683 1434 720 οὐκέτι

94 742 166 792 γὰρ
196 740 427 791 εὐεργετήσει
456 756 510 779 τις
539 740 606 787 τὴν
636 739 757 782 πόλιν,
789 738 1056 787 στερουμένους
1083 739 1149 786 τῆς
1178 737 1313 786 δωρεᾶς
1342 739 1435 786 ὁρῶν

94 795 178 834 τοὺς
207 795 358 834 ἅλλους.
415 794 538 843 τρίτον
565 794 614 839 δέ,
642 793 697 830 ὅτι
727 792 940 842 ἀδοξήσετε·
978 792 1103 838 δόξετε
1127 793 1200 843 γὰρ
1226 792 1435 843 ἀγνώμονες

96 848 195 887 εἶναι.

143 903 258 941 ''Eo-*n
290 903 329 940 δὲ
363 905 382 940 ὁ
413 904 527 954 λόγος
560 901 665 943 οὗτος
696 901 970 953 δευτερολογία·
1013 902 1033 938 ὁ
1063 900 1256 949 Ἀψεφίων
1285 902 1357 952 γὰρ
1388 902 1435 940 ὡς

96 958 351 1007 πρεσβύτερος
373 958 491 1006 ἔλαβε
510 957 578 1005 τὴν
598 957 870 1008 πρωτολογίαν.
922 957 1055 993 οὐκοῦν
1074 956 1093 992 ὅ
1114 955 1298 1003 Λεπτίνης
1317 971 1431 1004 προη-

96 1013 282 1062 γουμένως
301 1013 352 1063 τῷ
372 1012 604 1061 συμφέροντι
631 1013 776 1062 χρῆται,
798 1011 957 1059 φάσκων
984 1013 1022 1047 ἐν
1047 1010 1183 1048 σπάνει
1209 1009 1434 1047 καθεστάναι

97 1067 164 1115 τὴν
182 1067 294 1104 πόλιν
319 1068 391 1104 τῶν
417 1067 742 1116 λειτουργούντων,
764 1065 917 1115 δευτέρῳ
944 1064 983 1102 δὲ
1008 1066 1059 1114 τῷ
1086 1063 1222 1114 δικαίῳ,
1245 1064 1335 1113 ὅπερ
1359 1065 1433 1101 ἀπὸ

96 1123 161 1168 τῆς
181 1120 353 1168 ἰσότητος
381 1119 578 1169 θεωρεῖται·
611 1121 708 1157 πάνυ
731 1120 814 1171 γάρ,
836 1119 968 1168 φησίν,
990 1119 1072 1156 ἐστὶ
1096 1118 1224 1161 δεινόν,
1245 1119 1344 1158 τινὰς
1365 1120 1434 1167 μὲν

96 1176 271 1212 πλουτεῖν
299 1174 468 1214 ἀτελείας
497 1175 801 1223 ἐπειλημμένους,
830 1173 899 1222 τὴν
926 1173 1039 1210 πόλιν
1068 1172 1107 1210 δὲ
1136 1172 1229 1221 μηδὲ
1259 1175 1331 1210 τῶν
1359 1175 1433 1210 λει-

97 1230 348 1281 τουργούντων
370 1230 547 1278 εὐπορεῖν.
606 1229 871 1277 προβάλλεται
892 1227 930 1265 δὲ
955 1229 974 1265 ὃ
1000 1228 1121 1276 ῥήτωρ
1146 1229 1197 1277 τῷ
1222 1229 1290 1276 μὲν
1314 1226 1434 1264 δοκεῖν

96 1283 164 1331 τὴν
185 1284 408 1334 κατηγορίαν
428 1286 492 1321 τοῦ
513 1283 639 1332 νόμου,
660 1282 930 1320 συνυποδύεται
950 1282 988 1319 δὲ
1009 1282 1068 1319 καὶ
1089 1281 1353 1327 κατασκευάζει
1375 1281 1434 1318 καὶ

97 1338 164 1386 τὴν
189 1338 379 1375 σύστασιν
405 1341 470 1375 τοῦ
495 1338 628 1375 οἰκείου
657 1338 783 1386 νόμου.
844 1339 882 1374 ἐν
907 1338 979 1388 γὰρ
999 1337 1050 1387 τῷ
1075 1336 1216 1386 νομίμῳ
1242 1336 1433 1386 κεφαλαίῳ

99 1392 322 1440 καθίστησιν
365 1391 694 1443 ἀνταναγινώσκων
740 1391 800 1429 καὶ
845 1390 1037 1430 ἀντιτιθεὶς
1083 1391 1142 1427 καὶ
1188 1391 1434 1436 ἀντεξετάζων

98 1447 331 1495 ἀμφοτέρους
355 1446 439 1486 τοίς
465 1447 609 1495 νόμους,
633 1447 692 1483 καὶ
717 1446 759 1483 τὸ
786 1445 1013 1494 διάφορον“
994 1462 1086 1482 οσον
1109 1444 1259 1484 δεικνύς.
1319 1445 1375 1482 ἵνα
1396 1444 1434 1482 δὲ

97 1502 149 1549 μὴ
165 1501 341 1549 ἐξαιφνης
356 1500 484 1550 μηδὲ
465 1501 732 1549 αναρμόστως
722 1517 929 1550 ταρεχηται
944 1500 1008 1537 τὸν
1024 1500 1146 1548 ιόμον,
1163 1499 1231 1547 τὴν
1246 1499 1434 1536 σι’στασιν

60 1572 74 1602 1
99 1558 138 1592 ἐκ
160 1557 308 1592 πολλοῦ
331 1556 603 1604 παρεσκεύασε.
664 1555 723 1592 καὶ
750 1556 774 1603 ἡ
800 1554 927 1603 πρώτη
952 1571 996 1605 γε
1021 1553 1208 1593 ἀντιθεσις
1230 1570 1296 1591 του
1316 1554 1433 1604 λόγου

98 1612 148 1660 τῷ
166 1611 234 1658 μὲν
253 1609 410 1647 δοκεῖν”
393 1626 473 1647 εστι
493 1626 593 1658 παρα
615 1609 812 1653 Λεπτίνου
832 1611 880 1658 τῇ
904 1607 933 1646 δ’
954 1608 1113 1658 ἀληθεία
1130 1609 1222 1657 πρὸς
1244 1624 1433 1646 συστασιν

97 1650 163 1701 τόῦ
183 1663 315 1701 οἰκείου
336 1664 594 1713 συμφέροντος
623 1665 825 1713 ἐξεύρηται,
848 1663 904 1700 ἵνα
928 1663 1106 1711 φαίνηται
1131 1663 1150 1700 ὁ
1170 1662 1350 1702 ἀντίδικος
1368 1663 1433 1700 τὸν

99 1717 365 1767 Δημοσθένους
391 1719 552 1769 εἰσάγων
577 1719 701 1766 νόμον.
758 1717 798 1754 τί
819 1718 891 1768 γὰρ
915 1719 934 1754 ὃ
961 1716 1229 1765 Δημοσθένους
1251 1717 1432 1765 βούλεται

99 1773 232 1821 νόμος;
265 1774 330 1812 τὰς
359 1772 504 1821 δωρεάς,
536 1772 627 1811 ὅσας
657 1770 823 1820 οδῆμος
853 1771 974 1815 ἔδωκε,
1005 1771 1129 1820 κυρίας
1159 1771 1260 1815 εἶναι,
1281 1771 1366 1811 τοὺς
1394 1771 1433 1808 δὲ

100 1827 250 1877 ἔχοντας
277 1827 515 1875 κρίνεσθαι,
500 1844 568 1870 ινα,
590 1828 620 1863 εἶ
645 1828 714 1875 μὲν
742 1826 847 1871 ἄξιοι,
871 1826 1018 1876 ἔχωσιν,
1041 1828 1071 1863 εἰ
1091 1825 1129 1863 δὲ
1155 1826 1309 1871 ἀναξίως
1336 1826 1433 1876 ἔχειν

99 1881 250 1925 δοκοῖεν,
283 1881 521 1932 ἐλεγχθέντες
555 1880 820 1929 ἀφαιρεθῶσιν.
894 1882 1026 1918 οὔκουν
1056 1881 1165 1920 αὐτὸς
1199 1880 1434 1949 οΛεπτίνης

97 1934 162 1973 τὸν
183 1935 448 1985 Δημοσθένους
473 1936 586 1984 νόμον
613 1935 823 1984 κεκύρωκεν.
882 1935 922 1972 τί
937 1937 1010 1986 γὰρ
1030 1936 1189 1972 αἰτιᾶται
1216 1935 1294 1972 κατ’
1317 1935 1433 1985 ἀρχας

100 1989 222 2033 εὖθύς;
263 1990 319 2028 ὅτι
347 1990 488 2027 πολλοὶ
516 1992 588 2027 τῶν
617 1989 826 2038 εἰληφότων
857 1989 951 2027 εἰσὶν
981 1989 1133 2035 ἀνάξιοι.
1197 1990 1328 2027 οὐκοῦν
1357 1989 1432 2039 ἔχει

98 2045 163 2082 τὸν
189 2044 456 2093 Δημοσθένους
488 2044 601 2093 νόμον
633 2043 749 2092 <τὸν>
780 2060 864 2083 τους
891 2044 1060 2089 ἀναξίους
1089 2043 1313 2093 ἐκκρίνοντα.
1373 2043 1432 2081 καὶ

144 2157 207 2185 2-3
246 2151 290 2187 τῷ
322 2147 407 2188 νόμῳ
440 2172 446 2178 .
482 2171 488 2177 .
521 2171 528 2177 .
564 2147 754 2178 κελεύοντος
787 2147 909 2178 ἐκείνου
948 2146 1046 2177 Blass
1083 2147 1135 2177 ed.
1166 2147 1342 2177 Parisinae
1374 2157 1431 2176 ex-

101 2190 249 2229 emplum
267 2190 455 2221 Thierschii
472 2195 609 2221 secutus
626 2202 632 2220 :
657 2194 721 2222 τῶν
739 2190 842 2229 νόμων
868 2213 874 2220 .
901 2213 909 2220 .
934 2214 940 2220 .
969 2190 1170 2222 κελευόντων
1187 2190 1317 2222 ἐκείνων
1333 2190 1428 2221 codd.

99 2235 121 2263 6
156 2235 299 2272 ἀμοιβῶν
325 2234 425 2264 Vind.
456 2245 490 2264 1:
526 2236 649 2274 δωρεῶν
676 2233 765 2272 vulg.
898 2244 915 2272 7
953 2234 1009 2265 ἐὰν
1035 2235 1111 2265 τοὺς
1140 2257 1147 2264 .
1181 2257 1187 2263 .
1216 2258 1223 2264 .
1255 2235 1432 2275 ἀφαιρῆσθε

102 2277 146 2307 H.
167 2277 285 2307 Wolf:
311 2278 440 2309 ἑαυτοὺς
457 2302 464 2308 .
484 2301 491 2307 .
512 2301 519 2308 .
540 2278 739 2318 ἀφαιρεῖσθαι
757 2277 852 2307 codd.
968 2286 1009 2306 22
1035 2278 1131 2309 αὐτὸν
1148 2281 1224 2316 post
1241 2278 1432 2314 καθίστησιν

101 2321 175 2351 add.
204 2320 248 2351 H.
268 2319 367 2350 Wolf
506 2331 545 2358 24
578 2322 636 2352 τὸν
661 2320 768 2359 νόμον,
795 2321 856 2357 τὴν
880 2320 1040 2352 σύστασιν
1067 2323 1102 2351 ἐκ
1127 2320 1226 2350 Blass
1251 2331 1326 2350 cum
1351 2320 1430 2351 Ald.

101 2363 291 2394 Voemelii:
321 2367 387 2395 τῶν
412 2364 514 2402 νόμων
537 2365 599 2402 τὴν
623 2364 793 2401 σύστασιν,
815 2366 850 2395 ἐκ
874 2364 969 2395 codd.
1104 2373 1146 2401 32
1170 2364 1203 2395 τί
1223 2365 1287 2405 ’γὰρ
1311 2364 1432 2394 Blass:

101 2407 134 2438 τί
149 2407 230 2448 γάρ;
256 2407 291 2437 F.
309 2407 348 2437 A.
368 2407 485 2438 Wolf:
514 2407 562 2439 ἔτι
577 2408 640 2449 γὰρ
658 2408 754 2438 codd.
891 2417 933 2445 34
957 2408 1015 2438 τὸν
1032 2413 1108 2446 post
1125 2406 1222 2444 νόμον
1239 2407 1315 2438 add.
1335 2407 1431 2437 Blass

1263 2451 1301 2481 1*

1462 147 1574 203 [454]

1462 1169 1576 1261 ἓ455]
