1737 2734
93 755 130 776 10

93 1297 132 1318 20

95 1569 131 1600 25

151 151 269 206 xxlv]
489 157 649 194 ΚΑΤΑ
696 155 1143 195 TlMOKPATOTE

150 255 243 292 κατὰ
263 254 476 304 ψήφισμα’
464 253 488 303 ὴ
510 255 569 292 καὶ
593 255 636 293 τὸ
661 255 794 292 λοιπὸν
820 253 1074 304 προστιμηθῇ,
1097 254 1229 298 ἐξεῖναι
1254 254 1353 304 αυτῷ
1373 269 1481 290 κατα-

149 325 334 358 στησαντι
354 311 449 357 τρεῖς
470 310 651 360 ἐγγυητὰς
679 308 702 357 ἢ
728 308 803 357 μὴν
827 310 997 352 ἐκτίσειν,
1019 308 1080 348 οἰνς
1105 307 1148 345 ἂν
1176 309 1195 344 ὁ
1222 307 1337 356 δῆμος
1362 323 1481 357 χειρο-

149 363 304 412 τονήσῃ,
339 363 520 411 ἀφεῖσθαι
550 366 615 401 τοῦ
647 362 797 412 δεσμοῦ·
839 365 902 400 ἐὰν
933 362 970 400 δὲ
1000 363 1051 411 μὴ
1088 363 1216 412 ἐκτίσῃ
1252 361 1360 401 αὐτὸς
1389 360 1413 410 ἢ
1448 363 1482 398 οἳ

151 417 339 469 ἐγγυηται,
375 419 439 455 τὸν
476 419 544 467 μὲν
583 417 860 485 ἐξεγγυηθέιτα
888 417 1068 463 δεδεσθαι,
1108 420 1180 454 τῶν
1218 415 1256 453 δὲ
1296 418 1483 484 ἐγγυητῶν

151 470 336 536 δημοσίαν
369 489 459 510 ειναι
493 473 560 521 τὴν
593 472 736 510 οὐσίαν.
794 488 925 508 τουτου
959 474 1024 509 τοῦ
1057 471 1171 520 νόμου
1206 471 1357 522 γραφὴν
1388 473 1483 519 ἀπη-

151 526 328 576 νέγκαντο
367 526 552 576 Διόδωρος
592 526 651 563 καὶ
689 527 892 574 Είκτημων
931 527 977 565 ὡς
1015 526 1229 574 παρανόμου
1264 542 1324 562 και
1357 524 1483 562 ἀδίκου

153 580 212 617 καὶ
232 581 467 629 ἀσυμφόρου.
525 579 745 630 Ανδροτιων
771 580 807 617 δὲ
836 580 894 617 καὶ
919 581 1130 627 Γλαυκετης
1157 597 1216 616 και
1236 579 1481 623 Μελάνωπος,

151 634 335 674 συνιέντες
369 635 414 672 δι’
449 635 579 675 αὑτους
612 634 837 686 γεγενῆσθαι
869 651 937 682 την
974 635 1136 684 γραφήν,
1173 634 1483 683 καταβάλλουσιι

153 689 255 726 ἐννέα
293 689 459 727 τάλαντα
498 690 557 727 καὶ
595 690 790 738 τριάκοιτα
828 691 931 737 μνᾶς,
968 689 1055 728 ἴσως
1091 690 1158 736 μὲν
1197 690 1262 726 οὐκ
1297 687 1341 726 ἂν
1375 705 1483 726 κατα·

151 743 348 791 βαλόντες,
382 745 412 781 εἶ
442 743 494 793 μὴ
525 743 591 792 τὴν
622 742 773 794 γραφὴν
804 742 986 780 ἐπέδοσαν
1017 760 1050 779 οι
1083 759 1292 794 κατηγοροι,
1326 742 1422 791 ὅμως
1454 742 1483 780 δ

153 797 216 835 οὖν
256 797 479 846 κατέβαλον.
552 799 751 849 κατηγορεῖ
785 798 906 835 τοίνυν
944 798 1147 846 Εὐκτήμων
1188 797 1246 834 καὶ
1286 797 1482 845 Διόδωρος,

153 852 363 899 φάσκοντες
391 853 459 901 μὲν
487 851 547 889 διὰ
575 852 658 892 τοὺς
687 852 866 901 πρέσβεις
894 852 1106 902 γεγράφθαι
1136 851 1200 888 τὸν
1229 851 1352 900 νόμον·
1389 854 1418 888 εἰ
1446 851 1483 889 δὲ

153 906 215 943 καὶ
239 907 406 951 ἐξέτισαν
434 909 471 944 ἐν
497 909 548 957 τῷ
570 906 709 954 μεταξὺ
732 906 864 957 χρόνῳ,
892 905 1086 954 δεδομένης
1112 907 1177 954 τῆς
1200 908 1349 956 γραφῆς
1373 908 1483 944 τοῦτο

154 960 346 1008 ἐποίησαν,
378 961 473 998 ὥστε
502 961 569 1008 τὴν
600 961 816 1009 προαίρεσιν
845 963 911 997 τοῦ
943 960 1143 1008 νομοθέτου
1176 960 1348 997 ὑπαιτίαν
1380 959 1480 998 εἶναι.

153 1013 257 1052 οὐδὲν
285 1014 324 1052 δὲ
352 1013 463 1063 ἧττον
494 1016 649 1060 ἐξετάζει
684 1015 748 1052 τὸν
776 1015 888 1063 νόμον
914 1015 933 1051 ὁ
952 1015 1073 1063 ῥήτωρ
1099 1016 1145 1054 ὡς
1173 1015 1232 1051 καὶ
1260 1014 1337 1052 κατ’
1363 1015 1482 1052 ἄλλον

153 1068 289 1116 τρόπον
319 1069 452 1119 ἔχοντα
479 1072 604 1108 κακῶς·
647 1069 706 1106 καὶ
735 1070 808 1120 γὰρ
834 1069 1054 1118 παρανόμως
1079 1068 1269 1106 τεθεῖσθαί
1295 1073 1394 1117 φησι
1424 1069 1482 1106 καὶ

153 1123 373 1162 ὑπεναντίως
402 1124 499 1173 ἔχειν
526 1126 602 1163 τοῖς
630 1124 765 1172 νόμοις,
797 1123 856 1159 καὶ
885 1124 1009 1162 ἄλλως
1038 1122 1174 1161 ἀδικεῖν
1206 1123 1266 1160 καὶ
1295 1123 1481 1171 βλάπτειν

154 1175 196 1213 δι’
217 1177 264 1214 ὧν
284 1178 508 1226 προστάττει
532 1178 598 1226 τὴν
623 1179 746 1215 πόλιν.
805 1177 863 1214 διὰ
888 1179 1003 1214 ταῦτα
1026 1180 1115 1229 γοῦν
1139 1177 1199 1214 καὶ
1225 1179 1261 1214 αἱ
1287 1178 1482 1216 ὑποθέσεις

152 1233 218 1268 τοῦ
243 1231 360 1282 λόγου
380 1231 456 1276 δύο,
476 1232 544 1281 μία
569 1233 636 1281 μὲν
662 1231 718 1269 ὅτι
745 1231 804 1269 διὰ
828 1231 912 1270 τοὺς
936 1232 1116 1280 πρέσβεις
1139 1232 1355 1283 γέγραπται,
1378 1232 1481 1280 ἑτέρα

154 1284 234 1322 δὲ
221 1285 277 1323 ότι
305 1287 516 1326 ὑπεναντίος
545 1288 620 1326 τοῖς
647 1287 773 1335 νόμοις
802 1285 861 1322 καὶ
889 1286 1078 1336 ἐπιζήμιος
1107 1287 1166 1323 καὶ
1196 1286 1328 1325 ἄδικος.
1386 1287 1483 1323 ὥοτ(

154 1341 183 1376 εἷ
207 1339 356 1377 ἐδυνατο
386 1343 560 1391 ἐκφυγεῖν
588 1342 609 1378 ὁ
637 1340 867 1389 Τιμοκράτης
895 1340 962 1389 τὴν
992 1341 1109 1378 αἰτιαν
1136 1343 1202 1377 τοῦ
1230 1358 1282 1389 μι]
1313 1340 1371 1377 διὰ
1400 1357 1484 1379 τοις

152 1394 332 1443 πρέσβεις
369 1395 607 1446 γεγραφεναι,
642 1394 728 1432 ἀλλ’
764 1394 827 1432 οὖν
863 1411 907 1446 γε
939 1397 1004 1432 τοῦ
1038 1412 1090 1444 μη
1123 1395 1284 1443 πονηρὸν
1320 1394 1408 1432 ειναι
1442 1397 1483 1432 οὗ

153 1447 396 1496 διαφειξεται.
466 1449 616 1487 ἐδύνατο
653 1451 722 1498 μὲν
758 1450 831 1500 γὰρ
868 1451 933 1486 τοῦ
972 1449 1172 1498 νομοθέτου
1212 1451 1428 1499 κατηγορεῖν
1462 1451 1482 1486 ὁ

154 1502 384 1552 Διόδωρος,
371 1504 426 1541 ότι
446 1504 608 1553 πονηρὸν
635 1505 773 1554 ἔγραψε
800 1504 913 1552 ιόμον
934 1504 993 1540 καὶ
1016 1503 1230 1541 ὑπεναντίον
1250 1506 1325 1542 τοῖς
1345 1503 1480 1552 νόμοις,

154 1557 213 1594 καὶ
232 1558 388 1606 ἤρκεσεν
409 1557 452 1596 ἂν
478 1560 574 1609 αὐτῷ
600 1558 691 1606 πρὸς
717 1557 895 1595 υπόθεσιν
920 1574 1044 1594 ταυτα·
1077 1560 1138 1596 ι’ὐν
1165 1557 1203 1595 δὲ
1224 1558 1283 1594 καὶ
1302 1558 1368 1606 τὴν
1388 1560 1481 1594 κατὰ

1467 1612 1476 1624 Q

153 1613 223 1649 τῶν
252 1613 449 1661 πρέσβεων
478 1613 719 1662 προσείληφε
748 1611 930 1660 διαβολῆς
961 1613 1065 1649 ἕνεκα
1093 1615 1159 1649 τοῦ
1187 1611 1399 1660 νομοθέτου.
1458 1629 1481 1659 η

152 1668 221 1715 μὲν
252 1666 314 1704 οὖν
347 1667 523 1706 ὑπόθεσις
556 1669 620 1715 τῆς
654 1666 781 1710 αἰτίας,
803 1665 846 1704 δι’
875 1665 920 1714 ἦν
951 1666 1058 1715 ἔθηκε
1092 1667 1156 1704 τὸν
1187 1666 1311 1714 νόμον,
1344 1683 1482 1716 στοχα-

153 1721 274 1769 στική·
306 1723 466 1770 ζητεῖται
485 1723 558 1773 γὰρ
580 1724 608 1758 εἷ
629 1721 688 1758 διὰ
707 1721 790 1760 τοὺς
809 1721 989 1769 πρέσβεις
1013 1720 1140 1769 ἔθηκεν
1159 1719 1182 1769 ἢ
1204 1721 1256 1757 οὕ·
1287 1722 1310 1768 ἡ
1331 1719 1369 1758 δὲ
1390 1722 1482 1757 κατὰ

152 1774 217 1812 τὸν
249 1776 361 1825 νόμον
394 1776 644 1827 πραγματική·
690 1775 851 1812 καθόλου
889 1776 962 1826 γὰρ
995 1778 1101 1812 πᾶσα
1136 1774 1338 1826 κατηγορία
1369 1775 1483 1823 ῥητοῦ

152 1830 411 1880 πραγματικὴν
431 1831 676 1882 ἀπεργάζεται
696 1830 844 1867 στάσιν.
902 1830 1015 1878 ῥητοῦ
1039 1829 1077 1867 δὲ
1103 1830 1202 1880 λέγω
1226 1830 1291 1866 οὐκ
1312 1829 1351 1873 ἐξ
1371 1828 1483 1877 οὗπερ

155 1884 276 1932 ἔτερόν
302 1900 336 1921 τι
360 1886 530 1932 ζητεῖται,
553 1886 678 1933 ὥσπερ
702 1887 739 1922 ἐν
767 1886 987 1934 στοχασμῲ,
1009 1883 1091 1921 οὐδὲ
1115 1886 1180 1920 τοῦ
1207 1883 1482 1932 ἀναφερομένου

155 1939 203 1976 εἷς
222 1938 354 1988 τέχνην
375 1939 434 1976 καὶ
461 1939 642 1984 ἐξουσίαν,
665 1939 791 1987 ὥσπερ
817 1941 854 1975 ἐν
881 1938 1086 1988 ἀντιλήψει.
1145 1940 1220 1975 ἐκεῖ
1242 1939 1309 1986 μὲν
1329 1937 1389 1974 ἐπὶ
1407 1939 1483 1976 τοῖς

153 1992 406 2040 ἐκβεβηκόσιν
435 1994 458 2041 ἡ
489 1994 617 2042 κρίσις,
642 1996 679 2031 ἐν
708 1993 746 2031 δὲ
774 1994 821 2043 τῇ
848 1993 1088 2044 πραγματικῇ
1116 1993 1175 2029 ἐπὶ
1204 1992 1401 2041 μέλλουσι,
1423 1992 1482 2028 καὶ

156 2045 239 2095 (εἰ)
277 2046 332 2084 δεῖ
363 2047 576 2099 γεγράφθαι
609 2048 651 2085 τὸ
685 2048 796 2097 ῥητὸν
830 2050 867 2085 ἐν
901 2048 1025 2096 νόμοις
1060 2047 1119 2084 καὶ
1152 2049 1189 2084 ἐν
1223 2046 1480 2096 ψηφίσμασιν.

153 2102 235 2138 ἔστι
265 2101 385 2139 τοίνυν
417 2103 548 2140 τούτου
581 2104 646 2139 τοῦ
679 2103 795 2153 λόγου
829 2102 1017 2149 κεφάλαια
1054 2102 1234 2150 τέσσαρα,
1268 2101 1305 2138 ἓν
1339 2102 1406 2150 μὲν
1439 2101 1482 2137 τὸ

153 2155 319 2204 νόμιμον,
340 2155 359 2192 ὃ
380 2154 546 2206 διῄρηται
567 2156 663 2207 διχῇ,
686 2157 734 2196 εἷς
760 2173 799 2193 τε
822 2157 864 2193 τὸ
884 2157 1085 2204 πρόσωπον
1106 2156 1164 2192 καὶ
1186 2157 1234 2194 εἷς
1253 2155 1295 2192 τὸ
1314 2158 1480 2206 πρᾶγμα,

200 2267 211 2287 1
239 2259 258 2296 ἢ
277 2264 352 2297 post
370 2258 521 2299 ψήφισμα
534 2269 598 2289 om.
613 2259 678 2289 TC
695 2259 750 2293 (cf.
767 2258 916 2289 Dindorf
929 2260 981 2289 ed.
997 2258 1061 2289 Ox.
1078 2259 1111 2288 ix
1124 2259 1203 2296 853*
1295 2267 1314 2295 3
1331 2258 1480 2297 ἀφεῖσθαι

155 2301 327 2341 Schaefer,
343 2301 383 2332 cf.
402 2301 518 2332 Liban.
535 2313 603 2340 arg.
619 2306 633 2339 ξ
654 2312 663 2331 1
684 2314 690 2333 :
716 2303 864 2343 ἀφίεσθαι
881 2303 976 2332 codd.
1073 2312 1109 2339 13
1134 2300 1305 2340 δεδομένης
1324 2301 1458 2331 Bekker
1474 2313 1480 2331 :

154 2345 318 2384 διδομένης
335 2346 430 2376 codd.
534 2355 574 2375 22
598 2345 674 2386 τοῦ]
692 2347 730 2376 τὸ
748 2345 845 2375 Blass
863 2356 935 2376 cum
954 2345 1057 2375 schol.
1079 2355 1110 2383 p.
1133 2355 1206 2383 729,
1225 2354 1235 2373 1
1248 2355 1259 2374 1
1362 2354 1403 2381 25
1428 2347 1478 2376 καὶ

155 2389 215 2426 τὴν
225 2390 307 2420 κατὰ
319 2387 425 2424 Wolf,
438 2389 479 2419 cf.
497 2392 507 2424 ξ
524 2399 562 2427 9:
583 2389 665 2420 κατὰ
675 2390 736 2427 τὴν
746 2389 853 2427 vulg.:
873 2389 924 2420 καὶ
942 2389 1025 2419 κατὰ
1037 2389 1098 2426 τὴν
1111 2387 1139 2417 T
1150 2387 1176 2418 C
1268 2388 1309 2417 26
1325 2390 1479 2425 διαβολῆς

154 2430 308 2461 Bekker:
335 2433 494 2470 διαβολὴν
510 2433 606 2463 codd.
744 2443 784 2471 34
811 2433 839 2463 εἰ
854 2431 929 2461 add.
949 2429 1041 2461 Weil
