<?xml version="1.0" encoding="UTF-8"?>
<!DOCTYPE html PUBLIC "-//W3C//DTD XHTML 1.0 Transitional//EN"
    "http://www.w3.org/TR/xhtml1/DTD/xhtml1-transitional.dtd">
<html xmlns="http://www.w3.org/1999/xhtml" xml:lang="en" lang="en">
 <head>
  <title>
</title>
<meta http-equiv="Content-Type" content="text/html;charset=utf-8" />
  <meta name='ocr-system' content='tesseract 3.04.00' />
  <meta name='ocr-capabilities' content='ocr_page ocr_carea ocr_par ocr_line ocrx_word'/>
</head>
<body>
  <div class='ocr_page' id='page_1' title='image "./p1orationesrecog02demouoft_0289.png"; bbox 0 0 1737 2734; ppageno 0'>
   <div class='ocr_carea' id='block_1_1' title="bbox 104 514 121 544">
    <p class='ocr_par' dir='ltr' id='par_1_1' title="bbox 104 514 121 544">
     <span class='ocr_line' id='line_1_1' title="bbox 104 514 121 544; baseline 0 0"><span class='ocrx_word' id='word_1_1' title='bbox 104 514 121 544; x_wconf 83' lang='lat'>5</span> 
     </span>
    </p>
   </div>
   <div class='ocr_carea' id='block_1_2' title="bbox 83 845 122 867">
    <p class='ocr_par' dir='ltr' id='par_1_2' title="bbox 83 845 122 867">
     <span class='ocr_line' id='line_1_2' title="bbox 83 845 122 867; baseline 0 0"><span class='ocrx_word' id='word_1_2' title='bbox 83 845 122 867; x_wconf 87' lang='lat'>10</span> 
     </span>
    </p>
   </div>
   <div class='ocr_carea' id='block_1_3' title="bbox 84 1178 119 1210">
    <p class='ocr_par' dir='ltr' id='par_1_3' title="bbox 84 1178 119 1210">
     <span class='ocr_line' id='line_1_3' title="bbox 84 1178 119 1210; baseline 0 0"><span class='ocrx_word' id='word_1_3' title='bbox 84 1178 119 1210; x_wconf 85' lang='grc' dir='ltr'>Ι5</span> 
     </span>
    </p>
   </div>
   <div class='ocr_carea' id='block_1_4' title="bbox 82 1513 121 1534">
    <p class='ocr_par' dir='ltr' id='par_1_4' title="bbox 82 1513 121 1534">
     <span class='ocr_line' id='line_1_4' title="bbox 82 1513 121 1534; baseline 0.026 -1"><span class='ocrx_word' id='word_1_4' title='bbox 82 1513 121 1534; x_wconf 86' lang='grc'>20</span> 
     </span>
    </p>
   </div>
   <div class='ocr_carea' id='block_1_5' title="bbox 144 119 1138 175">
    <p class='ocr_par' dir='ltr' id='par_1_5' title="bbox 144 119 1138 175">
     <span class='ocr_line' id='line_1_5' title="bbox 144 119 1138 175; baseline 0 -13"><span class='ocrx_word' id='word_1_5' title='bbox 144 119 258 175; x_wconf 82' lang='lat' dir='ltr'>xxlv]</span> <span class='ocrx_word' id='word_1_6' title='bbox 479 125 637 162; x_wconf 85' lang='grc' dir='ltr'><strong>ΚΑΤΑ</strong></span> <span class='ocrx_word' id='word_1_7' title='bbox 686 125 1138 163; x_wconf 78' lang='grc' dir='ltr'>ΤΙΜΟΚΡΑΤΟΎΣ</span> 
     </span>
    </p>
   </div>
   <div class='ocr_carea' id='block_1_6' title="bbox 138 228 1475 1950">
    <p class='ocr_par' dir='ltr' id='par_1_6' title="bbox 138 228 1475 1950">
     <span class='ocr_line' id='line_1_6' title="bbox 210 228 1475 282; baseline 0.001 -14"><span class='ocrx_word' id='word_1_8' title='bbox 210 231 354 269; x_wconf 77' lang='grc' dir='ltr'>Πολλὰ</span> <span class='ocrx_word' id='word_1_9' title='bbox 385 229 416 269; x_wconf 85' lang='grc' dir='ltr'>δ’</span> <span class='ocrx_word' id='word_1_10' title='bbox 446 229 494 269; x_wconf 77' lang='grc' dir='ltr'>ἄν</span> <span class='ocrx_word' id='word_1_11' title='bbox 523 246 583 271; x_wconf 91' lang='grc' dir='ltr'>τις</span> <span class='ocrx_word' id='word_1_12' title='bbox 615 229 704 282; x_wconf 79' lang='grc' dir='ltr'>ἔχοι</span> <span class='ocrx_word' id='word_1_13' title='bbox 736 228 885 281; x_wconf 86' lang='grc' dir='ltr'>λέγειν,</span> <span class='ocrx_word' id='word_1_14' title='bbox 919 229 952 269; x_wconf 81' lang='grc' dir='ltr'>εἰ</span> <span class='ocrx_word' id='word_1_15' title='bbox 987 229 1069 269; x_wconf 85' lang='grc' dir='ltr'>καθ’</span> <span class='ocrx_word' id='word_1_16' title='bbox 1101 230 1271 270; x_wconf 81' lang='grc' dir='ltr'>ἕκαστον</span> <span class='ocrx_word' id='word_1_17' title='bbox 1304 230 1358 270; x_wconf 78' lang='grc' dir='ltr'>ὧν</span> <span class='ocrx_word' id='word_1_18' title='bbox 1393 229 1475 280; x_wconf 82' lang='grc' dir='ltr'>ἐρεῖ</span> 
     </span>
     <span class='ocr_line' id='line_1_7' title="bbox 142 296 1472 348; baseline -0.001 -12"><span class='ocrx_word' id='word_1_19' title='bbox 142 297 337 337; x_wconf 78' lang='grc' dir='ltr'>δεικνύναι</span> <span class='ocrx_word' id='word_1_20' title='bbox 376 296 566 346; x_wconf 82' lang='grc' dir='ltr'>βούλοιτο</span> <span class='ocrx_word' id='word_1_21' title='bbox 606 300 855 348; x_wconf 79' lang='grc' dir='ltr'>φενακισμοῦ</span> <span class='ocrx_word' id='word_1_22' title='bbox 895 297 957 336; x_wconf 88' lang='grc' dir='ltr'>καὶ</span> <span class='ocrx_word' id='word_1_23' title='bbox 995 296 1303 348; x_wconf 84' lang='grc' dir='ltr'>παρακρούσεως</span> <span class='ocrx_word' id='word_1_24' title='bbox 1342 296 1472 336; x_wconf 86' lang='grc' dir='ltr'>εἵνεκα</span> 
     </span>
     <span class='ocr_line' id='line_1_8' title="bbox 140 361 1471 415; baseline -0.002 -12"><span class='ocrx_word' id='word_1_25' title='bbox 140 364 405 415; x_wconf 85' lang='grc' dir='ltr'>ῥηθησόμενα.</span> <span class='ocrx_word' id='word_1_26' title='bbox 476 364 582 403; x_wconf 78' lang='grc' dir='ltr'>ἀλλὰ</span> <span class='ocrx_word' id='word_1_27' title='bbox 614 365 662 402; x_wconf 79' lang='grc' dir='ltr'>τὰ</span> <span class='ocrx_word' id='word_1_28' title='bbox 695 365 768 413; x_wconf 79' lang='grc' dir='ltr'>μὲν</span> <span class='ocrx_word' id='word_1_29' title='bbox 800 365 934 403; x_wconf 80' lang='grc' dir='ltr'>πολλὰ</span> <span class='ocrx_word' id='word_1_30' title='bbox 966 362 1149 415; x_wconf 84' lang='grc' dir='ltr'>παρήσω,</span> <span class='ocrx_word' id='word_1_31' title='bbox 1185 362 1405 415; x_wconf 87' lang='grc' dir='ltr'>κεφάλαιον</span> <span class='ocrx_word' id='word_1_32' title='bbox 1439 361 1471 401; x_wconf 90' lang='grc' dir='ltr'>δ’</span> 
     </span>
     <span class='ocr_line' id='line_1_9' title="bbox 141 428 1468 482; baseline 0.001 -13"><span class='ocrx_word' id='word_1_33' title='bbox 141 431 232 480; x_wconf 87' lang='grc' dir='ltr'>ὑμῖν</span> <span class='ocrx_word' id='word_1_34' title='bbox 257 429 277 469; x_wconf 80' lang='grc' dir='ltr'><strong>ὃ</strong></span> <span class='ocrx_word' id='word_1_35' title='bbox 306 429 588 480; x_wconf 83' lang='grc' dir='ltr'>μνημονεύσετ’</span> <span class='ocrx_word' id='word_1_36' title='bbox 614 431 700 482; x_wconf 84' lang='grc' dir='ltr'>ἐρῶ.</span> <span class='ocrx_word' id='word_1_37' title='bbox 771 428 947 470; x_wconf 82' lang='grc' dir='ltr'>σκοπεῖτ’</span> <span class='ocrx_word' id='word_1_38' title='bbox 975 431 1016 470; x_wconf 88' lang='grc' dir='ltr'>ἐν</span> <span class='ocrx_word' id='word_1_39' title='bbox 1046 429 1174 470; x_wconf 78' lang='grc' dir='ltr'>ἅπασι</span> <span class='ocrx_word' id='word_1_40' title='bbox 1202 433 1284 471; x_wconf 90' lang='grc' dir='ltr'>τοῖς</span> <span class='ocrx_word' id='word_1_41' title='bbox 1316 429 1468 482; x_wconf 79' lang='grc' dir='ltr'>λόγοις,</span> 
     </span>
     <span class='ocr_line' id='line_1_10' title="bbox 143 495 1471 552; baseline 0.001 -17"><span class='ocrx_word' id='word_1_42' title='bbox 143 497 315 538; x_wconf 82' lang='grc' dir='ltr'>ὁπόσους</span> <span class='ocrx_word' id='word_1_43' title='bbox 352 496 400 537; x_wconf 79' lang='grc' dir='ltr'>ἂν</span> <span class='ocrx_word' id='word_1_44' title='bbox 437 496 550 552; x_wconf 83' lang='grc' dir='ltr'>λέγῃ,</span> <span class='ocrx_word' id='word_1_45' title='bbox 587 497 623 536; x_wconf 84' lang='grc' dir='ltr'>εἵ</span> <span class='ocrx_word' id='word_1_46' title='bbox 653 513 691 536; x_wconf 91' lang='grc' dir='ltr'>τι</span> <span class='ocrx_word' id='word_1_47' title='bbox 722 495 934 545; x_wconf 86' lang='grc' dir='ltr'>δυνήσεται</span> <span class='ocrx_word' id='word_1_48' title='bbox 971 499 1149 537; x_wconf 80' lang='grc' dir='ltr'>τοιοῦτον</span> <span class='ocrx_word' id='word_1_49' title='bbox 1187 497 1312 537; x_wconf 80' lang='grc' dir='ltr'>εἰπεῖν</span> <span class='ocrx_word' id='word_1_50' title='bbox 1346 495 1394 536; x_wconf 88' lang='grc' dir='ltr'>δι’</span> <span class='ocrx_word' id='word_1_51' title='bbox 1426 496 1471 536; x_wconf 76' lang='grc' dir='ltr'>οὗ</span> 
     </span>
     <span class='ocr_line' id='line_1_11' title="bbox 142 561 1471 615; baseline 0 -12"><span class='ocrx_word' id='word_1_52' title='bbox 142 562 289 613; x_wconf 79' lang='grc' dir='ltr'>διδάξει</span> <span class='ocrx_word' id='word_1_53' title='bbox 314 563 364 604; x_wconf 83' lang='grc' dir='ltr'>ὡς</span> <span class='ocrx_word' id='word_1_54' title='bbox 389 563 476 603; x_wconf 75' lang='grc' dir='ltr'>ἔστι</span> <span class='ocrx_word' id='word_1_55' title='bbox 502 564 649 603; x_wconf 85' lang='grc' dir='ltr'>δίκαιον</span> <span class='ocrx_word' id='word_1_56' title='bbox 675 563 742 603; x_wconf 81' lang='grc' dir='ltr'>τὸν</span> <span class='ocrx_word' id='word_1_57' title='bbox 767 561 925 602; x_wconf 85' lang='grc' dir='ltr'>τιθέντα</span> <span class='ocrx_word' id='word_1_58' title='bbox 955 563 1076 613; x_wconf 86' lang='grc' dir='ltr'>νόμον</span> <span class='ocrx_word' id='word_1_59' title='bbox 1102 564 1223 604; x_wconf 79' lang='grc' dir='ltr'>ταύτὰ</span> <span class='ocrx_word' id='word_1_60' title='bbox 1247 561 1471 615; x_wconf 81' lang='grc' dir='ltr'>προστάξαι</span> 
     </span>
     <span class='ocr_line' id='line_1_12' title="bbox 142 629 1470 683; baseline 0 -13"><span class='ocrx_word' id='word_1_61' title='bbox 142 631 231 681; x_wconf 88' lang='grc' dir='ltr'>περὶ</span> <span class='ocrx_word' id='word_1_62' title='bbox 255 634 332 669; x_wconf 83' lang='grc' dir='ltr'>τῶν</span> <span class='ocrx_word' id='word_1_63' title='bbox 351 630 684 681; x_wconf 83' lang='grc' dir='ltr'>παρεληλυθότων</span> <span class='ocrx_word' id='word_1_64' title='bbox 710 629 772 669; x_wconf 84' lang='grc' dir='ltr'>καὶ</span> <span class='ocrx_word' id='word_1_65' title='bbox 796 629 911 671; x_wconf 80' lang='grc' dir='ltr'>τέλος</span> <span class='ocrx_word' id='word_1_66' title='bbox 935 630 1168 683; x_wconf 82' lang='grc' dir='ltr'>ἐσχηκότων</span> <span class='ocrx_word' id='word_1_67' title='bbox 1194 630 1256 670; x_wconf 87' lang='grc' dir='ltr'>καὶ</span> <span class='ocrx_word' id='word_1_68' title='bbox 1281 630 1368 681; x_wconf 88' lang='grc' dir='ltr'>περὶ</span> <span class='ocrx_word' id='word_1_69' title='bbox 1393 633 1470 670; x_wconf 84' lang='grc' dir='ltr'>τῶν</span> 
     </span>
     <span class='ocr_line' id='line_1_13' title="bbox 141 695 1469 749; baseline 0.001 -13"><span class='ocrx_word' id='word_1_70' title='bbox 141 696 373 746; x_wconf 81' lang='grc' dir='ltr'>μελλόντων</span> <span class='ocrx_word' id='word_1_71' title='bbox 408 695 663 748; x_wconf 85' lang='grc' dir='ltr'>γενήσεσθαι·</span> <span class='ocrx_word' id='word_1_72' title='bbox 707 696 865 737; x_wconf 85' lang='grc' dir='ltr'>πάντων</span> <span class='ocrx_word' id='word_1_73' title='bbox 905 698 980 748; x_wconf 76' lang='grc' dir='ltr'>γὰρ</span> <span class='ocrx_word' id='word_1_74' title='bbox 1019 698 1145 736; x_wconf 82' lang='grc' dir='ltr'>ὄντων</span> <span class='ocrx_word' id='word_1_75' title='bbox 1185 698 1363 749; x_wconf 80' lang='grc' dir='ltr'>αἰσχρῶν</span> <span class='ocrx_word' id='word_1_76' title='bbox 1406 698 1469 737; x_wconf 88' lang='grc' dir='ltr'>καὶ</span> 
     </span>
     <span class='ocr_line' id='line_1_14' title="bbox 142 763 1469 817; baseline 0 -14"><span class='ocrx_word' id='word_1_77' title='bbox 142 766 280 803; x_wconf 84' lang='grc' dir='ltr'>δεινῶν</span> <span class='ocrx_word' id='word_1_78' title='bbox 303 767 381 803; x_wconf 83' lang='grc' dir='ltr'>τῶν</span> <span class='ocrx_word' id='word_1_79' title='bbox 407 763 690 815; x_wconf 84' lang='grc' dir='ltr'>γεγραμμένων</span> <span class='ocrx_word' id='word_1_80' title='bbox 715 764 758 803; x_wconf 85' lang='grc' dir='ltr'>ἐν</span> <span class='ocrx_word' id='word_1_81' title='bbox 783 766 835 817; x_wconf 77' lang='grc' dir='ltr'>τῷ</span> <span class='ocrx_word' id='word_1_82' title='bbox 867 764 986 816; x_wconf 82' lang='grc' dir='ltr'>νόμῳ,</span> <span class='ocrx_word' id='word_1_83' title='bbox 1014 767 1128 803; x_wconf 74' lang='grc' dir='ltr'>τοῦτο</span> <span class='ocrx_word' id='word_1_84' title='bbox 1158 764 1381 803; x_wconf 84' lang='grc' dir='ltr'>δεινότατον</span> <span class='ocrx_word' id='word_1_85' title='bbox 1407 764 1469 804; x_wconf 88' lang='grc' dir='ltr'>καὶ</span> 
     </span>
     <span class='ocr_line' id='line_1_15' title="bbox 140 829 1469 882; baseline 0.002 -13"><span class='ocrx_word' id='word_1_86' title='bbox 140 829 319 880; x_wconf 88' lang='grc' dir='ltr'>μάλιστα</span> <span class='ocrx_word' id='word_1_87' title='bbox 338 829 566 881; x_wconf 86' lang='grc' dir='ltr'>παράνομον</span> <span class='ocrx_word' id='word_1_88' title='bbox 585 829 815 882; x_wconf 87' lang='grc' dir='ltr'>γέγραπται.</span> <span class='ocrx_word' id='word_1_89' title='bbox 872 831 905 869; x_wconf 82' lang='grc' dir='ltr'>εἰ</span> <span class='ocrx_word' id='word_1_90' title='bbox 925 832 965 869; x_wconf 81' lang='grc' dir='ltr'>δὲ</span> <span class='ocrx_word' id='word_1_91' title='bbox 990 829 1081 880; x_wconf 73' lang='grc' dir='ltr'>μήθ’</span> <span class='ocrx_word' id='word_1_92' title='bbox 1101 830 1213 871; x_wconf 78' lang='grc' dir='ltr'>οὗτος</span> <span class='ocrx_word' id='word_1_93' title='bbox 1237 829 1325 880; x_wconf 86' lang='grc' dir='ltr'>μήτ’</span> <span class='ocrx_word' id='word_1_94' title='bbox 1344 830 1469 872; x_wconf 81' lang='grc' dir='ltr'>ἄλλος</span> 
     </span>
     <span class='ocr_line' id='line_1_16' title="bbox 140 895 1466 949; baseline 0 -13"><span class='ocrx_word' id='word_1_95' title='bbox 140 896 276 946; x_wconf 86' lang='grc' dir='ltr'>μηδεὶς</span> <span class='ocrx_word' id='word_1_96' title='bbox 295 900 408 936; x_wconf 80' lang='grc' dir='ltr'>τοῦτο</span> <span class='ocrx_word' id='word_1_97' title='bbox 433 895 646 946; x_wconf 88' lang='grc' dir='ltr'>δυνήσεται</span> <span class='ocrx_word' id='word_1_98' title='bbox 672 896 807 946; x_wconf 81' lang='grc' dir='ltr'>δεῖξαι,</span> <span class='ocrx_word' id='word_1_99' title='bbox 831 896 975 936; x_wconf 85' lang='grc' dir='ltr'>εἰδέναι</span> <span class='ocrx_word' id='word_1_100' title='bbox 1001 895 1077 949; x_wconf 78' lang='grc' dir='ltr'>χρὴ</span> <span class='ocrx_word' id='word_1_101' title='bbox 1099 900 1240 949; x_wconf 85' lang='grc' dir='ltr'>σαφῶς</span> <span class='ocrx_word' id='word_1_102' title='bbox 1260 898 1466 949; x_wconf 76' lang='grc' dir='ltr'>φενακιζο-</span> 
     </span>
     <span class='ocr_line' id='line_1_17' title="bbox 140 962 1469 1015; baseline 0 -12"><span class='ocrx_word' id='word_1_103' title='bbox 140 962 293 1012; x_wconf 83' lang='grc' dir='ltr'>μένους,</span> <span class='ocrx_word' id='word_1_104' title='bbox 313 963 375 1002; x_wconf 89' lang='grc' dir='ltr'>καὶ</span> <span class='ocrx_word' id='word_1_105' title='bbox 393 963 625 1015; x_wconf 79' lang='grc' dir='ltr'>λογίζεσθαι</span> <span class='ocrx_word' id='word_1_106' title='bbox 641 963 737 1014; x_wconf 81' lang='grc' dir='ltr'>πρὸς</span> <span class='ocrx_word' id='word_1_107' title='bbox 753 964 851 1012; x_wconf 77' lang='grc' dir='ltr'>ὑμᾶς</span> <span class='ocrx_word' id='word_1_108' title='bbox 871 963 1010 1004; x_wconf 79' lang='grc' dir='ltr'>αὐτοὺς</span> <span class='ocrx_word' id='word_1_109' title='bbox 1030 965 1071 1002; x_wconf 83' lang='grc' dir='ltr'>ἐκ</span> <span class='ocrx_word' id='word_1_110' title='bbox 1092 964 1198 1005; x_wconf 87' lang='grc' dir='ltr'>τίνος</span> <span class='ocrx_word' id='word_1_111' title='bbox 1214 962 1302 1004; x_wconf 85' lang='grc' dir='ltr'>ποτ’</span> <span class='ocrx_word' id='word_1_112' title='bbox 1319 965 1469 1013; x_wconf 88' lang='grc' dir='ltr'>ἐπῆλθε</span> 
     </span>
     <span class='ocr_line' id='line_1_18' title="bbox 140 1027 1466 1084; baseline 0.002 -16"><span class='ocrx_word' id='word_1_113' title='bbox 140 1030 264 1084; x_wconf 84' lang='grc' dir='ltr'>τούτῳ</span> <span class='ocrx_word' id='word_1_114' title='bbox 284 1032 443 1069; x_wconf 85' lang='grc' dir='ltr'>τοιαῦτα</span> <span class='ocrx_word' id='word_1_115' title='bbox 468 1032 707 1079; x_wconf 89' lang='grc' dir='ltr'>νομοθετεῖν.</span> <span class='ocrx_word' id='word_1_116' title='bbox 768 1030 813 1069; x_wconf 78' lang='grc' dir='ltr'>οὗ</span> <span class='ocrx_word' id='word_1_117' title='bbox 837 1029 976 1080; x_wconf 88' lang='grc' dir='ltr'>προῖκ’,</span> <span class='ocrx_word' id='word_1_118' title='bbox 999 1027 1028 1069; x_wconf 68' lang='grc' dir='ltr'><strong>ὦ</strong></span> <span class='ocrx_word' id='word_1_119' title='bbox 1047 1031 1303 1081; x_wconf 84' lang='grc' dir='ltr'>Τιμόκρατες,</span> <span class='ocrx_word' id='word_1_120' title='bbox 1324 1030 1466 1076; x_wconf 88' lang='grc' dir='ltr'>πόθεν;</span> 
     </span>
     <span class='ocr_line' id='line_1_19' title="bbox 141 1096 1468 1148; baseline 0 -12"><span class='ocrx_word' id='word_1_121' title='bbox 141 1096 221 1136; x_wconf 87' lang='grc' dir='ltr'>οὐδ’</span> <span class='ocrx_word' id='word_1_122' title='bbox 245 1098 385 1148; x_wconf 83' lang='grc' dir='ltr'>ὀλίγου</span> <span class='ocrx_word' id='word_1_123' title='bbox 414 1100 484 1141; x_wconf 85' lang='grc' dir='ltr'>δεῖ,</span> <span class='ocrx_word' id='word_1_124' title='bbox 512 1099 651 1136; x_wconf 81' lang='grc' dir='ltr'>τοῦτον</span> <span class='ocrx_word' id='word_1_125' title='bbox 676 1096 817 1146; x_wconf 81' lang='grc' dir='ltr'>ἔθηκας</span> <span class='ocrx_word' id='word_1_126' title='bbox 842 1096 910 1136; x_wconf 86' lang='grc' dir='ltr'>τὸν</span> <span class='ocrx_word' id='word_1_127' title='bbox 940 1097 1074 1147; x_wconf 88' lang='grc' dir='ltr'>νόμον·</span> <span class='ocrx_word' id='word_1_128' title='bbox 1113 1098 1297 1147; x_wconf 81' lang='grc' dir='ltr'>οὐδεμίαν</span> <span class='ocrx_word' id='word_1_129' title='bbox 1322 1098 1397 1148; x_wconf 78' lang='grc' dir='ltr'>γὰρ</span> <span class='ocrx_word' id='word_1_130' title='bbox 1420 1096 1468 1136; x_wconf 75' lang='grc' dir='ltr'>ἂν</span> 
     </span>
     <span class='ocr_line' id='line_1_20' title="bbox 142 1161 1469 1216; baseline 0.002 -13"><span class='ocrx_word' id='word_1_131' title='bbox 142 1164 266 1203; x_wconf 84' lang='grc' dir='ltr'>εἰπεῖν</span> <span class='ocrx_word' id='word_1_132' title='bbox 312 1161 420 1216; x_wconf 82' lang='grc' dir='ltr'>ἔχοις</span> <span class='ocrx_word' id='word_1_133' title='bbox 467 1162 597 1212; x_wconf 80' lang='grc' dir='ltr'>ἄλλην</span> <span class='ocrx_word' id='word_1_134' title='bbox 639 1163 844 1215; x_wconf 87' lang='grc' dir='ltr'>πρόφασιν</span> <span class='ocrx_word' id='word_1_135' title='bbox 892 1162 940 1202; x_wconf 80' lang='grc' dir='ltr'>δι’</span> <span class='ocrx_word' id='word_1_136' title='bbox 982 1162 1031 1212; x_wconf 85' lang='grc' dir='ltr'>ἣν</span> <span class='ocrx_word' id='word_1_137' title='bbox 1078 1167 1254 1204; x_wconf 80' lang='grc' dir='ltr'>τοιοῦτον</span> <span class='ocrx_word' id='word_1_138' title='bbox 1297 1162 1469 1215; x_wconf 85' lang='grc' dir='ltr'>ἐπήρθης</span> 
     </span>
     <span class='ocr_line' id='line_1_21' title="bbox 142 1226 1465 1283; baseline -0.001 -13"><span class='ocrx_word' id='word_1_139' title='bbox 142 1231 383 1281; x_wconf 83' lang='grc' dir='ltr'>εἰσενεγκεῖν</span> <span class='ocrx_word' id='word_1_140' title='bbox 423 1230 556 1280; x_wconf 87' lang='grc' dir='ltr'>νόμον,</span> <span class='ocrx_word' id='word_1_141' title='bbox 597 1226 619 1278; x_wconf 81' lang='grc' dir='ltr'>ἦ</span> <span class='ocrx_word' id='word_1_142' title='bbox 659 1229 731 1279; x_wconf 73' lang='grc' dir='ltr'>τὴν</span> <span class='ocrx_word' id='word_1_143' title='bbox 774 1233 921 1270; x_wconf 78' lang='grc' dir='ltr'>σαυτοῦ</span> <span class='ocrx_word' id='word_1_144' title='bbox 964 1232 1067 1271; x_wconf 85' lang='grc' dir='ltr'>θεοῖς</span> <span class='ocrx_word' id='word_1_145' title='bbox 1111 1231 1258 1282; x_wconf 74' lang='grc' dir='ltr'>ἐχθρὰν</span> <span class='ocrx_word' id='word_1_146' title='bbox 1299 1231 1465 1283; x_wconf 82' lang='grc' dir='ltr'>αἰσχρο-</span> 
     </span>
     <span class='ocr_line' id='line_1_22' title="bbox 143 1295 1468 1349; baseline 0.001 -13"><span class='ocrx_word' id='word_1_147' title='bbox 143 1295 331 1348; x_wconf 88' lang='grc' dir='ltr'>κέρδειαν·</span> <span class='ocrx_word' id='word_1_148' title='bbox 369 1297 458 1337; x_wconf 76' lang='grc' dir='ltr'>οὔτε</span> <span class='ocrx_word' id='word_1_149' title='bbox 483 1298 558 1347; x_wconf 79' lang='grc' dir='ltr'>γὰρ</span> <span class='ocrx_word' id='word_1_150' title='bbox 584 1295 780 1348; x_wconf 78' lang='grc' dir='ltr'>συγγενὴς</span> <span class='ocrx_word' id='word_1_151' title='bbox 807 1295 885 1336; x_wconf 79' lang='grc' dir='ltr'>οὔτ’</span> <span class='ocrx_word' id='word_1_152' title='bbox 911 1297 1053 1338; x_wconf 84' lang='grc' dir='ltr'>οἰκεῖος</span> <span class='ocrx_word' id='word_1_153' title='bbox 1077 1296 1157 1336; x_wconf 78' lang='grc' dir='ltr'>οὔτ’</span> <span class='ocrx_word' id='word_1_154' title='bbox 1183 1297 1395 1349; x_wconf 85' lang='grc' dir='ltr'>ἀναγκαῖος</span> <span class='ocrx_word' id='word_1_155' title='bbox 1421 1295 1468 1346; x_wconf 83' lang='grc' dir='ltr'>ἦν</span> 
     </span>
     <span class='ocr_line' id='line_1_23' title="bbox 142 1362 1468 1417; baseline 0.002 -14"><span class='ocrx_word' id='word_1_156' title='bbox 142 1380 208 1403; x_wconf 91' lang='grc' dir='ltr'>σοι</span> <span class='ocrx_word' id='word_1_157' title='bbox 232 1363 380 1403; x_wconf 87' lang='grc' dir='ltr'>τούτων</span> <span class='ocrx_word' id='word_1_158' title='bbox 407 1364 545 1404; x_wconf 83' lang='grc' dir='ltr'>οὐδείς.</span> <span class='ocrx_word' id='word_1_159' title='bbox 606 1362 685 1402; x_wconf 80' lang='grc' dir='ltr'>οὐδ’</span> <span class='ocrx_word' id='word_1_160' title='bbox 711 1362 825 1403; x_wconf 80' lang='grc' dir='ltr'>ἐκεῖν’</span> <span class='ocrx_word' id='word_1_161' title='bbox 850 1362 898 1403; x_wconf 83' lang='grc' dir='ltr'>ἂν</span> <span class='ocrx_word' id='word_1_162' title='bbox 924 1363 1031 1417; x_wconf 82' lang='grc' dir='ltr'>ἔχοις</span> <span class='ocrx_word' id='word_1_163' title='bbox 1058 1365 1193 1409; x_wconf 79' lang='grc' dir='ltr'>εἰπεῖν,</span> <span class='ocrx_word' id='word_1_164' title='bbox 1221 1364 1272 1404; x_wconf 86' lang='grc' dir='ltr'>ὡς</span> <span class='ocrx_word' id='word_1_165' title='bbox 1298 1362 1468 1413; x_wconf 87' lang='grc' dir='ltr'>ἐλεήσας</span> 
     </span>
     <span class='ocr_line' id='line_1_24' title="bbox 142 1429 1466 1482; baseline 0.002 -13"><span class='ocrx_word' id='word_1_166' title='bbox 142 1432 249 1470; x_wconf 79' lang='grc' dir='ltr'>δεινὰ</span> <span class='ocrx_word' id='word_1_167' title='bbox 270 1430 501 1482; x_wconf 85' lang='grc' dir='ltr'>πάσχοντας</span> <span class='ocrx_word' id='word_1_168' title='bbox 520 1429 748 1480; x_wconf 80' lang='grc' dir='ltr'>ἀνθρώπους</span> <span class='ocrx_word' id='word_1_169' title='bbox 775 1431 883 1470; x_wconf 88' lang='grc' dir='ltr'>εἵλου</span> <span class='ocrx_word' id='word_1_170' title='bbox 909 1432 972 1470; x_wconf 82' lang='grc' dir='ltr'>διὰ</span> <span class='ocrx_word' id='word_1_171' title='bbox 990 1433 1111 1470; x_wconf 79' lang='grc' dir='ltr'>ταῦτα</span> <span class='ocrx_word' id='word_1_172' title='bbox 1136 1433 1301 1481; x_wconf 79' lang='grc' dir='ltr'>βοηθεῖν</span> <span class='ocrx_word' id='word_1_173' title='bbox 1320 1430 1466 1472; x_wconf 82' lang='grc' dir='ltr'>αὐτοῖς·</span> 
     </span>
     <span class='ocr_line' id='line_1_25' title="bbox 141 1497 1468 1551; baseline 0 -15"><span class='ocrx_word' id='word_1_174' title='bbox 141 1497 228 1537; x_wconf 80' lang='grc' dir='ltr'>οὔτε</span> <span class='ocrx_word' id='word_1_175' title='bbox 246 1498 320 1548; x_wconf 82' lang='grc' dir='ltr'>γὰρ</span> <span class='ocrx_word' id='word_1_176' title='bbox 337 1498 384 1536; x_wconf 78' lang='grc' dir='ltr'>τὰ</span> <span class='ocrx_word' id='word_1_177' title='bbox 399 1497 547 1536; x_wconf 88' lang='grc' dir='ltr'>τούτων</span> <span class='ocrx_word' id='word_1_178' title='bbox 563 1500 778 1551; x_wconf 83' lang='grc' dir='ltr'>πολλοστῷ</span> <span class='ocrx_word' id='word_1_179' title='bbox 795 1497 926 1550; x_wconf 79' lang='grc' dir='ltr'>χρόνῳ</span> <span class='ocrx_word' id='word_1_180' title='bbox 946 1497 1061 1547; x_wconf 87' lang='grc' dir='ltr'>μόλις</span> <span class='ocrx_word' id='word_1_181' title='bbox 1080 1497 1259 1542; x_wconf 80' lang='grc' dir='ltr'>ἄκοντας,</span> <span class='ocrx_word' id='word_1_182' title='bbox 1279 1499 1321 1537; x_wconf 89' lang='grc' dir='ltr'>ἐν</span> <span class='ocrx_word' id='word_1_183' title='bbox 1336 1497 1468 1549; x_wconf 83' lang='grc' dir='ltr'>τρισὶν</span> 
     </span>
     <span class='ocr_line' id='line_1_26' title="bbox 142 1560 1468 1616; baseline 0 -13"><span class='ocrx_word' id='word_1_184' title='bbox 142 1562 452 1616; x_wconf 82' lang='grc' dir='ltr'>ἐξελεγχθέντας</span> <span class='ocrx_word' id='word_1_185' title='bbox 485 1563 763 1614; x_wconf 87' lang='grc' dir='ltr'>δικαστηρίοις,</span> <span class='ocrx_word' id='word_1_186' title='bbox 799 1562 1061 1609; x_wconf 87' lang='grc' dir='ltr'>κατατιθέναι,</span> <span class='ocrx_word' id='word_1_187' title='bbox 1093 1563 1197 1603; x_wconf 82' lang='grc' dir='ltr'>τοῦθ’</span> <span class='ocrx_word' id='word_1_188' title='bbox 1226 1562 1366 1616; x_wconf 85' lang='grc' dir='ltr'>ἡγήσω</span> <span class='ocrx_word' id='word_1_189' title='bbox 1395 1560 1468 1615; x_wconf 80' lang='grc' dir='ltr'>[τὸ]</span> 
     </span>
     <span class='ocr_line' id='line_1_27' title="bbox 141 1629 1467 1683; baseline 0 -13"><span class='ocrx_word' id='word_1_190' title='bbox 141 1632 248 1670; x_wconf 81' lang='grc' dir='ltr'>δεινὰ</span> <span class='ocrx_word' id='word_1_191' title='bbox 280 1629 456 1682; x_wconf 88' lang='grc' dir='ltr'>πάσχειν</span> <span class='ocrx_word' id='word_1_192' title='bbox 490 1630 603 1669; x_wconf 80' lang='grc' dir='ltr'>εἶναι·</span> <span class='ocrx_word' id='word_1_193' title='bbox 642 1634 767 1670; x_wconf 89' lang='grc' dir='ltr'>ποιεῖν</span> <span class='ocrx_word' id='word_1_194' title='bbox 797 1629 874 1682; x_wconf 87' lang='grc' dir='ltr'>γάρ</span> <span class='ocrx_word' id='word_1_195' title='bbox 904 1631 991 1670; x_wconf 88' lang='grc' dir='ltr'>ἐστι</span> <span class='ocrx_word' id='word_1_196' title='bbox 1023 1631 1139 1670; x_wconf 78' lang='grc' dir='ltr'>τοῦτό</span> <span class='ocrx_word' id='word_1_197' title='bbox 1170 1648 1214 1683; x_wconf 90' lang='grc' dir='ltr'>γε</span> <span class='ocrx_word' id='word_1_198' title='bbox 1250 1630 1372 1676; x_wconf 84' lang='grc' dir='ltr'>δεινά,</span> <span class='ocrx_word' id='word_1_199' title='bbox 1405 1632 1467 1670; x_wconf 80' lang='grc' dir='ltr'>καὶ</span> 
     </span>
     <span class='ocr_line' id='line_1_28' title="bbox 141 1694 1466 1749; baseline 0.001 -13"><span class='ocrx_word' id='word_1_200' title='bbox 141 1696 394 1748; x_wconf 78' lang='grc' dir='ltr'>παροξύνειεν</span> <span class='ocrx_word' id='word_1_201' title='bbox 413 1699 570 1747; x_wconf 79' lang='grc' dir='ltr'>μᾶλλον</span> <span class='ocrx_word' id='word_1_202' title='bbox 590 1695 637 1736; x_wconf 82' lang='grc' dir='ltr'>ἄν</span> <span class='ocrx_word' id='word_1_203' title='bbox 655 1712 743 1736; x_wconf 90' lang='grc' dir='ltr'>τινα</span> <span class='ocrx_word' id='word_1_204' title='bbox 760 1700 895 1747; x_wconf 88' lang='grc' dir='ltr'>μισεῖν</span> <span class='ocrx_word' id='word_1_205' title='bbox 915 1694 937 1746; x_wconf 82' lang='grc' dir='ltr'>ἦ</span> <span class='ocrx_word' id='word_1_206' title='bbox 958 1696 1187 1749; x_wconf 82' lang='grc' dir='ltr'>προτρέψει’</span> <span class='ocrx_word' id='word_1_207' title='bbox 1208 1698 1348 1737; x_wconf 83' lang='grc' dir='ltr'>ἐλεεῖν·</span> <span class='ocrx_word' id='word_1_208' title='bbox 1388 1696 1466 1737; x_wconf 83' lang='grc' dir='ltr'>οὔτ’</span> 
     </span>
     <span class='ocr_line' id='line_1_29' title="bbox 139 1762 1467 1815; baseline 0.002 -13"><span class='ocrx_word' id='word_1_209' title='bbox 139 1763 272 1804; x_wconf 82' lang='grc' dir='ltr'>ἄλλως</span> <span class='ocrx_word' id='word_1_210' title='bbox 299 1766 421 1815; x_wconf 80' lang='grc' dir='ltr'>πρᾶος</span> <span class='ocrx_word' id='word_1_211' title='bbox 448 1764 509 1803; x_wconf 81' lang='grc' dir='ltr'>καὶ</span> <span class='ocrx_word' id='word_1_212' title='bbox 536 1762 818 1815; x_wconf 86' lang='grc' dir='ltr'>φιλάνθρωπος</span> <span class='ocrx_word' id='word_1_213' title='bbox 844 1763 895 1802; x_wconf 86' lang='grc' dir='ltr'>σύ</span> <span class='ocrx_word' id='word_1_214' title='bbox 919 1780 976 1804; x_wconf 88' lang='grc' dir='ltr'>τις</span> <span class='ocrx_word' id='word_1_215' title='bbox 1003 1767 1080 1804; x_wconf 84' lang='grc' dir='ltr'>τῶν</span> <span class='ocrx_word' id='word_1_216' title='bbox 1106 1763 1241 1804; x_wconf 79' lang='grc' dir='ltr'>ἄλλων</span> <span class='ocrx_word' id='word_1_217' title='bbox 1268 1764 1467 1815; x_wconf 85' lang='grc' dir='ltr'>διαφόρως</span> 
     </span>
     <span class='ocr_line' id='line_1_30' title="bbox 139 1829 1467 1882; baseline 0 -12"><span class='ocrx_word' id='word_1_218' title='bbox 139 1829 193 1870; x_wconf 82' lang='grc' dir='ltr'>ὢν</span> <span class='ocrx_word' id='word_1_219' title='bbox 213 1832 337 1871; x_wconf 85' lang='grc' dir='ltr'>ἐλεεῖς</span> <span class='ocrx_word' id='word_1_220' title='bbox 357 1830 508 1871; x_wconf 86' lang='grc' dir='ltr'>αὐτούς·</span> <span class='ocrx_word' id='word_1_221' title='bbox 546 1829 590 1869; x_wconf 81' lang='grc' dir='ltr'>οὐ</span> <span class='ocrx_word' id='word_1_222' title='bbox 609 1829 684 1881; x_wconf 87' lang='grc' dir='ltr'>γάρ</span> <span class='ocrx_word' id='word_1_223' title='bbox 704 1831 792 1870; x_wconf 87' lang='grc' dir='ltr'>ἐστι</span> <span class='ocrx_word' id='word_1_224' title='bbox 816 1832 885 1879; x_wconf 83' lang='grc' dir='ltr'>τῆς</span> <span class='ocrx_word' id='word_1_225' title='bbox 909 1830 1027 1880; x_wconf 84' lang='grc' dir='ltr'>αὐτῆς</span> <span class='ocrx_word' id='word_1_226' title='bbox 1047 1833 1183 1882; x_wconf 82' lang='grc' dir='ltr'>ψυχῆς</span> <span class='ocrx_word' id='word_1_227' title='bbox 1202 1830 1467 1882; x_wconf 83' lang='grc' dir='ltr'>Ἀνδροτίωνα</span> 
     </span>
     <span class='ocr_line' id='line_1_31' title="bbox 138 1896 1467 1950; baseline -0.001 -13"><span class='ocrx_word' id='word_1_228' title='bbox 138 1899 210 1947; x_wconf 82' lang='grc' dir='ltr'>μὲν</span> <span class='ocrx_word' id='word_1_229' title='bbox 231 1897 292 1936; x_wconf 85' lang='grc' dir='ltr'>καὶ</span> <span class='ocrx_word' id='word_1_230' title='bbox 310 1896 564 1936; x_wconf 75' lang='grc' dir='ltr'>Μελάνωπον</span> <span class='ocrx_word' id='word_1_231' title='bbox 582 1896 644 1935; x_wconf 76' lang='grc' dir='ltr'>καὶ</span> <span class='ocrx_word' id='word_1_232' title='bbox 661 1896 888 1946; x_wconf 86' lang='grc' dir='ltr'>Γλαυκέτην</span> <span class='ocrx_word' id='word_1_233' title='bbox 909 1898 1048 1943; x_wconf 84' lang='grc' dir='ltr'>ἐλεεῖν,</span> <span class='ocrx_word' id='word_1_234' title='bbox 1067 1897 1091 1936; x_wconf 72' lang='grc' dir='ltr'><em>ἃ</em></span> <span class='ocrx_word' id='word_1_235' title='bbox 1113 1896 1336 1949; x_wconf 81' lang='grc' dir='ltr'>κλέψαντες</span> <span class='ocrx_word' id='word_1_236' title='bbox 1357 1897 1467 1950; x_wconf 80' lang='grc' dir='ltr'>εἶχον</span> 
     </span>
    </p>
   </div>
   <div class='ocr_carea' id='block_1_7' title="bbox 137 2004 1466 2178">
    <p class='ocr_par' dir='ltr' id='par_1_7' title="bbox 137 2004 1466 2178">
     <span class='ocr_line' id='line_1_32' title="bbox 181 2004 1466 2048; baseline 0 -10"><span class='ocrx_word' id='word_1_237' title='bbox 181 2017 199 2044; x_wconf 91' lang='grc'>4</span> <span class='ocrx_word' id='word_1_238' title='bbox 224 2005 258 2046; x_wconf 69' lang='grc' dir='ltr'>ὃ]</span> <span class='ocrx_word' id='word_1_239' title='bbox 277 2004 320 2037; x_wconf 69' lang='grc' dir='ltr'>ὧν</span> <span class='ocrx_word' id='word_1_240' title='bbox 340 2005 364 2035; x_wconf 87' lang='lat' dir='ltr'><strong>F</strong></span> <span class='ocrx_word' id='word_1_241' title='bbox 452 2005 665 2044; x_wconf 84' lang='grc' dir='ltr'>μνηνονεύετε</span> <span class='ocrx_word' id='word_1_242' title='bbox 683 2005 714 2035; x_wconf 95' lang='grc' dir='ltr'><strong>Α</strong></span> <span class='ocrx_word' id='word_1_243' title='bbox 814 2007 836 2035; x_wconf 84' lang='grc'>6</span> <span class='ocrx_word' id='word_1_244' title='bbox 859 2007 918 2037; x_wconf 85' lang='grc' dir='ltr'>τὸν</span> <span class='ocrx_word' id='word_1_245' title='bbox 935 2006 1032 2045; x_wconf 89' lang='grc' dir='ltr'>νόμον</span> <span class='ocrx_word' id='word_1_246' title='bbox 1049 2006 1119 2036; x_wconf 91' lang='lat' dir='ltr'>AY</span> <span class='ocrx_word' id='word_1_247' title='bbox 1133 2006 1162 2036; x_wconf 94' lang='lat' dir='ltr'>O</span> <span class='ocrx_word' id='word_1_248' title='bbox 1269 2017 1286 2045; x_wconf 93' lang='lat'><strong>7</strong></span> <span class='ocrx_word' id='word_1_249' title='bbox 1311 2006 1466 2048; x_wconf 84' lang='grc' dir='ltr'>πρότερον</span> 
     </span>
     <span class='ocr_line' id='line_1_33' title="bbox 137 2048 1463 2091; baseline 0.001 -12"><span class='ocrx_word' id='word_1_250' title='bbox 137 2055 215 2080; x_wconf 86' lang='lat' dir='ltr'>ante</span> <span class='ocrx_word' id='word_1_251' title='bbox 231 2048 328 2081; x_wconf 84' lang='grc' dir='ltr'>τέλος</span> <span class='ocrx_word' id='word_1_252' title='bbox 344 2049 419 2080; x_wconf 87' lang='lat' dir='ltr'>add.</span> <span class='ocrx_word' id='word_1_253' title='bbox 441 2049 464 2078; x_wconf 82' lang='lat' dir='ltr'>S</span> <span class='ocrx_word' id='word_1_254' title='bbox 482 2049 571 2087; x_wconf 82' lang='lat' dir='ltr'><strong>vulg.</strong></span> <span class='ocrx_word' id='word_1_255' title='bbox 590 2060 597 2079; x_wconf 76' lang='lat' dir='ltr'><em>z</em></span> <span class='ocrx_word' id='word_1_256' title='bbox 622 2059 684 2079; x_wconf 91' lang='lat' dir='ltr'>om.</span> <span class='ocrx_word' id='word_1_257' title='bbox 703 2048 734 2078; x_wconf 91' lang='lat' dir='ltr'><strong>A</strong></span> <span class='ocrx_word' id='word_1_258' title='bbox 747 2049 777 2079; x_wconf 78' lang='lat' dir='ltr'>Y</span> <span class='ocrx_word' id='word_1_259' title='bbox 923 2060 956 2079; x_wconf 84' lang='lat'>11</span> <span class='ocrx_word' id='word_1_260' title='bbox 985 2052 1036 2082; x_wconf 81' lang='grc' dir='ltr'>καὶ</span> <span class='ocrx_word' id='word_1_261' title='bbox 1054 2050 1194 2082; x_wconf 78' lang='grc' dir='ltr'>συνιέναι</span> <span class='ocrx_word' id='word_1_262' title='bbox 1211 2056 1286 2089; x_wconf 80' lang='lat' dir='ltr'>post</span> <span class='ocrx_word' id='word_1_263' title='bbox 1304 2051 1368 2091; x_wconf 78' lang='grc' dir='ltr'>χρὴ</span> <span class='ocrx_word' id='word_1_264' title='bbox 1385 2051 1463 2081; x_wconf 84' lang='lat' dir='ltr'>add.</span> 
     </span>
     <span class='ocr_line' id='line_1_34' title="bbox 141 2091 1464 2132; baseline 0.001 -10"><span class='ocrx_word' id='word_1_265' title='bbox 141 2092 185 2124; x_wconf 80' lang='lat' dir='ltr'>F:</span> <span class='ocrx_word' id='word_1_266' title='bbox 212 2103 275 2123; x_wconf 89' lang='lat' dir='ltr'>om.</span> <span class='ocrx_word' id='word_1_267' title='bbox 298 2092 404 2123; x_wconf 80' lang='lat' dir='ltr'>SAY</span> <span class='ocrx_word' id='word_1_268' title='bbox 417 2092 447 2122; x_wconf 96' lang='lat' dir='ltr'>O</span> <span class='ocrx_word' id='word_1_269' title='bbox 541 2102 577 2131; x_wconf 80' lang='lat'>13</span> <span class='ocrx_word' id='word_1_270' title='bbox 601 2091 748 2132; x_wconf 76' lang='grc' dir='ltr'>τοιαῦτα]</span> <span class='ocrx_word' id='word_1_271' title='bbox 767 2095 871 2125; x_wconf 82' lang='grc' dir='ltr'>ταῦτα</span> <span class='ocrx_word' id='word_1_272' title='bbox 889 2093 914 2122; x_wconf 82' lang='lat' dir='ltr'>F</span> <span class='ocrx_word' id='word_1_273' title='bbox 1005 2103 1042 2131; x_wconf 83' lang='lat'>14</span> <span class='ocrx_word' id='word_1_274' title='bbox 1069 2096 1119 2125; x_wconf 78' lang='grc' dir='ltr'>δεῖ</span> <span class='ocrx_word' id='word_1_275' title='bbox 1133 2094 1156 2124; x_wconf 81' lang='lat' dir='ltr'>S</span> <span class='ocrx_word' id='word_1_276' title='bbox 1169 2094 1270 2131; x_wconf 65' lang='lat' dir='ltr'>vulg,</span> <span class='ocrx_word' id='word_1_277' title='bbox 1287 2094 1327 2124; x_wconf 84' lang='lat' dir='ltr'>cf.</span> <span class='ocrx_word' id='word_1_278' title='bbox 1345 2094 1397 2124; x_wconf 83' lang='lat' dir='ltr'>xvi</span> <span class='ocrx_word' id='word_1_279' title='bbox 1413 2095 1464 2132; x_wconf 88' lang='lat'>16,</span> 
     </span>
     <span class='ocr_line' id='line_1_35' title="bbox 139 2135 1460 2178; baseline 0.002 -12"><span class='ocrx_word' id='word_1_280' title='bbox 139 2137 197 2166; x_wconf 84' lang='lat' dir='ltr'>xix</span> <span class='ocrx_word' id='word_1_281' title='bbox 218 2137 278 2174; x_wconf 82' lang='lat'>184</span> <span class='ocrx_word' id='word_1_282' title='bbox 294 2147 300 2166; x_wconf 90' lang='lat'>:</span> <span class='ocrx_word' id='word_1_283' title='bbox 325 2137 363 2174; x_wconf 70' lang='grc' dir='ltr'>δὴ</span> <span class='ocrx_word' id='word_1_284' title='bbox 388 2136 418 2165; x_wconf 82' lang='grc' dir='ltr'>Α</span> <span class='ocrx_word' id='word_1_285' title='bbox 430 2136 460 2165; x_wconf 83' lang='lat' dir='ltr'><strong>Y</strong></span> <span class='ocrx_word' id='word_1_286' title='bbox 472 2135 502 2166; x_wconf 91' lang='lat' dir='ltr'><strong>O</strong></span> <span class='ocrx_word' id='word_1_287' title='bbox 597 2137 636 2166; x_wconf 86' lang='lat'>16</span> <span class='ocrx_word' id='word_1_288' title='bbox 659 2135 694 2176; x_wconf 80' lang='grc' dir='ltr'>ἢ]</span> <span class='ocrx_word' id='word_1_289' title='bbox 715 2137 802 2168; x_wconf 80' lang='grc' dir='ltr'>ἀλλὰ</span> <span class='ocrx_word' id='word_1_290' title='bbox 819 2135 850 2166; x_wconf 85' lang='grc' dir='ltr'>Α</span> <span class='ocrx_word' id='word_1_291' title='bbox 862 2136 891 2166; x_wconf 87' lang='lat' dir='ltr'>Y</span> <span class='ocrx_word' id='word_1_292' title='bbox 904 2136 934 2166; x_wconf 90' lang='lat' dir='ltr'>O</span> <span class='ocrx_word' id='word_1_293' title='bbox 1026 2140 1125 2169; x_wconf 79' lang='grc' dir='ltr'>θεοῖς.</span> <span class='ocrx_word' id='word_1_294' title='bbox 1143 2162 1149 2168; x_wconf 94' lang='grc'><strong><em>.</em></strong></span> <span class='ocrx_word' id='word_1_295' title='bbox 1163 2162 1170 2168; x_wconf 86' lang='grc'><strong>.</strong></span> <span class='ocrx_word' id='word_1_296' title='bbox 1183 2135 1460 2178; x_wconf 78' lang='grc' dir='ltr'>αἰσχροκέρδειαν]</span> 
     </span>
    </p>
   </div>
   <div class='ocr_carea' id='block_1_8' title="bbox 137 2179 1464 2439">
    <p class='ocr_par' dir='ltr' id='par_1_8' title="bbox 137 2179 1464 2439">
     <span class='ocr_line' id='line_1_36' title="bbox 139 2179 1461 2221; baseline -0.001 -10"><span class='ocrx_word' id='word_1_297' title='bbox 139 2179 361 2221; x_wconf 81' lang='grc' dir='ltr'>θεοισεχθρίαν</span> <span class='ocrx_word' id='word_1_298' title='bbox 385 2180 492 2209; x_wconf 84' lang='lat' dir='ltr'>Cobet</span> <span class='ocrx_word' id='word_1_299' title='bbox 517 2179 592 2210; x_wconf 87' lang='lat' dir='ltr'>coll.</span> <span class='ocrx_word' id='word_1_300' title='bbox 620 2180 689 2208; x_wconf 82' lang='lat' dir='ltr'>xxii</span> <span class='ocrx_word' id='word_1_301' title='bbox 715 2189 757 2219; x_wconf 88' lang='lat'>59</span> <span class='ocrx_word' id='word_1_302' title='bbox 930 2190 966 2219; x_wconf 93' lang='lat'>17</span> <span class='ocrx_word' id='word_1_303' title='bbox 999 2182 1161 2221; x_wconf 75' lang='grc' dir='ltr'>συγγενὴς</span> <span class='ocrx_word' id='word_1_304' title='bbox 1186 2182 1252 2212; x_wconf 75' lang='grc' dir='ltr'>οὔτ’</span> <span class='ocrx_word' id='word_1_305' title='bbox 1277 2182 1391 2212; x_wconf 69' lang='grc' dir='ltr'>οἰκεῖος</span> <span class='ocrx_word' id='word_1_306' title='bbox 1417 2180 1461 2210; x_wconf 86' lang='lat' dir='ltr'>S:</span> 
     </span>
     <span class='ocr_line' id='line_1_37' title="bbox 138 2222 1461 2264; baseline -0.002 -9"><span class='ocrx_word' id='word_1_307' title='bbox 138 2225 252 2255; x_wconf 82' lang='grc' dir='ltr'>οἰκεῖος</span> <span class='ocrx_word' id='word_1_308' title='bbox 277 2225 350 2255; x_wconf 80' lang='grc' dir='ltr'>οὔτε</span> <span class='ocrx_word' id='word_1_309' title='bbox 376 2223 538 2263; x_wconf 74' lang='grc' dir='ltr'>συγγενὴς</span> <span class='ocrx_word' id='word_1_310' title='bbox 562 2223 593 2253; x_wconf 89' lang='grc' dir='ltr'>Α</span> <span class='ocrx_word' id='word_1_311' title='bbox 606 2223 630 2252; x_wconf 83' lang='lat' dir='ltr'>F</span> <span class='ocrx_word' id='word_1_312' title='bbox 643 2223 671 2252; x_wconf 86' lang='lat' dir='ltr'>Y</span> <span class='ocrx_word' id='word_1_313' title='bbox 684 2222 714 2253; x_wconf 93' lang='lat' dir='ltr'>O</span> <span class='ocrx_word' id='word_1_314' title='bbox 731 2235 738 2253; x_wconf 73' lang='grc' dir='ltr'>ε</span> <span class='ocrx_word' id='word_1_315' title='bbox 771 2224 933 2264; x_wconf 65' lang='grc' dir='ltr'>συγγενὴς</span> <span class='ocrx_word' id='word_1_316' title='bbox 958 2224 1063 2254; x_wconf 75' lang='lat' dir='ltr'>Schol-</span> <span class='ocrx_word' id='word_1_317' title='bbox 1082 2234 1114 2263; x_wconf 87' lang='lat' dir='ltr'>p.</span> <span class='ocrx_word' id='word_1_318' title='bbox 1134 2235 1205 2264; x_wconf 64' lang='lat'>799,</span> <span class='ocrx_word' id='word_1_319' title='bbox 1225 2234 1289 2261; x_wconf 76' lang='lat'>203</span> <span class='ocrx_word' id='word_1_320' title='bbox 1314 2224 1388 2261; x_wconf 66' lang='lat'>800,</span> <span class='ocrx_word' id='word_1_321' title='bbox 1409 2233 1461 2262; x_wconf 81' lang='lat'>25,</span> 
     </span>
     <span class='ocr_line' id='line_1_38' title="bbox 140 2265 1464 2307; baseline 0.002 -11"><span class='ocrx_word' id='word_1_322' title='bbox 140 2266 238 2297; x_wconf 81' lang='lat' dir='ltr'>Blass</span> <span class='ocrx_word' id='word_1_323' title='bbox 265 2267 339 2297; x_wconf 80' lang='lat' dir='ltr'>coll.</span> <span class='ocrx_word' id='word_1_324' title='bbox 371 2269 385 2303; x_wconf 68' lang='grc' dir='ltr'><strong>ξ</strong></span> <span class='ocrx_word' id='word_1_325' title='bbox 413 2268 465 2305; x_wconf 79' lang='grc'>67,</span> <span class='ocrx_word' id='word_1_326' title='bbox 494 2267 552 2296; x_wconf 87' lang='lat' dir='ltr'>xix</span> <span class='ocrx_word' id='word_1_327' title='bbox 578 2276 642 2305; x_wconf 88' lang='lat'>290</span> <span class='ocrx_word' id='word_1_328' title='bbox 775 2265 840 2298; x_wconf 78' lang='grc' dir='ltr'>οὐδ’</span> <span class='ocrx_word' id='word_1_329' title='bbox 868 2268 1039 2307; x_wconf 75' lang='grc' dir='ltr'>ἀναγκαῖος</span> <span class='ocrx_word' id='word_1_330' title='bbox 1067 2267 1163 2297; x_wconf 79' lang='lat' dir='ltr'>Blass</span> <span class='ocrx_word' id='word_1_331' title='bbox 1335 2268 1372 2297; x_wconf 86' lang='lat'>18</span> <span class='ocrx_word' id='word_1_332' title='bbox 1397 2269 1464 2298; x_wconf 78' lang='grc' dir='ltr'>οὔτ’</span> 
     </span>
     <span class='ocr_line' id='line_1_39' title="bbox 139 2309 1463 2348; baseline 0.002 -9"><span class='ocrx_word' id='word_1_333' title='bbox 139 2309 162 2339; x_wconf 85' lang='lat' dir='ltr'>S</span> <span class='ocrx_word' id='word_1_334' title='bbox 175 2310 205 2339; x_wconf 81' lang='lat' dir='ltr'>Y</span> <span class='ocrx_word' id='word_1_335' title='bbox 218 2310 243 2339; x_wconf 85' lang='lat' dir='ltr'>F</span> <span class='ocrx_word' id='word_1_336' title='bbox 418 2320 459 2340; x_wconf 88' lang='lat'>20</span> <span class='ocrx_word' id='word_1_337' title='bbox 482 2311 521 2341; x_wconf 77' lang='grc' dir='ltr'>τὸ</span> <span class='ocrx_word' id='word_1_338' title='bbox 538 2315 617 2340; x_wconf 82' lang='lat' dir='ltr'><strong>ante</strong></span> <span class='ocrx_word' id='word_1_339' title='bbox 634 2310 676 2341; x_wconf 83' lang='grc' dir='ltr'>τὰ</span> <span class='ocrx_word' id='word_1_340' title='bbox 692 2310 766 2340; x_wconf 84' lang='lat' dir='ltr'><strong>add.</strong></span> <span class='ocrx_word' id='word_1_341' title='bbox 787 2311 897 2348; x_wconf 81' lang='lat' dir='ltr'>vulg.:</span> <span class='ocrx_word' id='word_1_342' title='bbox 925 2321 989 2340; x_wconf 89' lang='lat' dir='ltr'>om.</span> <span class='ocrx_word' id='word_1_343' title='bbox 1009 2311 1032 2340; x_wconf 82' lang='lat' dir='ltr'>S</span> <span class='ocrx_word' id='word_1_344' title='bbox 1045 2311 1074 2341; x_wconf 77' lang='lat' dir='ltr'><strong>A</strong></span> <span class='ocrx_word' id='word_1_345' title='bbox 1086 2311 1117 2341; x_wconf 85' lang='lat' dir='ltr'>Y</span> <span class='ocrx_word' id='word_1_346' title='bbox 1301 2321 1338 2340; x_wconf 82' lang='lat'>21</span> <span class='ocrx_word' id='word_1_347' title='bbox 1366 2323 1463 2342; x_wconf 85' lang='grc' dir='ltr'>κατα-</span> 
     </span>
     <span class='ocr_line' id='line_1_40' title="bbox 138 2352 1463 2395; baseline 0.001 -10"><span class='ocrx_word' id='word_1_348' title='bbox 138 2356 235 2385; x_wconf 79' lang='grc' dir='ltr'>θεῖναι</span> <span class='ocrx_word' id='word_1_349' title='bbox 253 2353 281 2383; x_wconf 89' lang='grc' dir='ltr'>Α</span> <span class='ocrx_word' id='word_1_350' title='bbox 294 2354 324 2383; x_wconf 81' lang='lat' dir='ltr'>Y</span> <span class='ocrx_word' id='word_1_351' title='bbox 337 2353 366 2384; x_wconf 95' lang='lat' dir='ltr'>O</span> <span class='ocrx_word' id='word_1_352' title='bbox 456 2354 494 2384; x_wconf 81' lang='grc' dir='ltr'>τὸ</span> <span class='ocrx_word' id='word_1_353' title='bbox 511 2353 590 2383; x_wconf 75' lang='lat' dir='ltr'><strong>secl.</strong></span> <span class='ocrx_word' id='word_1_354' title='bbox 609 2352 717 2383; x_wconf 83' lang='lat' dir='ltr'>Cobet</span> <span class='ocrx_word' id='word_1_355' title='bbox 850 2364 890 2391; x_wconf 79' lang='lat'>24</span> <span class='ocrx_word' id='word_1_356' title='bbox 915 2354 1070 2395; x_wconf 80' lang='grc' dir='ltr'>διαφόρως</span> <span class='ocrx_word' id='word_1_357' title='bbox 1089 2355 1270 2384; x_wconf 83' lang='lat' dir='ltr'>Lambinus</span> <span class='ocrx_word' id='word_1_358' title='bbox 1285 2366 1291 2384; x_wconf 89' lang='lat'>:</span> <span class='ocrx_word' id='word_1_359' title='bbox 1316 2353 1463 2395; x_wconf 79' lang='grc' dir='ltr'>διάφορος</span> 
     </span>
     <span class='ocr_line' id='line_1_41' title="bbox 137 2396 1322 2439; baseline 0.002 -13"><span class='ocrx_word' id='word_1_360' title='bbox 137 2397 234 2427; x_wconf 87' lang='lat' dir='ltr'>codd.</span> <span class='ocrx_word' id='word_1_361' title='bbox 253 2408 258 2426; x_wconf 89' lang='lat'>:</span> <span class='ocrx_word' id='word_1_362' title='bbox 286 2396 497 2438; x_wconf 84' lang='grc' dir='ltr'>διαφερόντως</span> <span class='ocrx_word' id='word_1_363' title='bbox 515 2397 622 2427; x_wconf 76' lang='lat' dir='ltr'>Cobet</span> <span class='ocrx_word' id='word_1_364' title='bbox 711 2396 858 2438; x_wconf 81' lang='grc' dir='ltr'>διάφορος</span> <span class='ocrx_word' id='word_1_365' title='bbox 876 2399 960 2429; x_wconf 79' lang='grc' dir='ltr'>ὥστε</span> <span class='ocrx_word' id='word_1_366' title='bbox 978 2400 1082 2430; x_wconf 83' lang='grc' dir='ltr'>ε’λεειν</span> <span class='ocrx_word' id='word_1_367' title='bbox 1099 2400 1212 2431; x_wconf 81' lang='grc' dir='ltr'>αὐτους</span> <span class='ocrx_word' id='word_1_368' title='bbox 1231 2398 1254 2428; x_wconf 86' lang='lat' dir='ltr'>S</span> <span class='ocrx_word' id='word_1_369' title='bbox 1271 2411 1322 2439; x_wconf 67' lang='grc' dir='ltr'>γρ.</span> 
     </span>
    </p>
   </div>
   <div class='ocr_carea' id='block_1_9' title="bbox 183 2454 1333 2490">
    <p class='ocr_par' dir='ltr' id='par_1_9' title="bbox 183 2454 1333 2490">
     <span class='ocr_line' id='line_1_42' title="bbox 183 2454 1333 2490; baseline 0.003 -8"><span class='ocrx_word' id='word_1_370' title='bbox 183 2461 368 2490; x_wconf 77' lang='lat' dir='ltr'><strong>DEMOSTH.‚</strong></span> <span class='ocrx_word' id='word_1_371' title='bbox 388 2462 464 2482; x_wconf 86' lang='lat' dir='ltr'>VOL.</span> <span class='ocrx_word' id='word_1_372' title='bbox 484 2461 520 2483; x_wconf 87' lang='lat'>11.</span> <span class='ocrx_word' id='word_1_373' title='bbox 1294 2454 1333 2485; x_wconf 84' lang='lat'>18</span> 
     </span>
    </p>
   </div>
   <div class='ocr_carea' id='block_1_10' title="bbox 1505 123 1623 177">
    <p class='ocr_par' dir='ltr' id='par_1_10' title="bbox 1505 123 1623 177">
     <span class='ocr_line' id='line_1_43' title="bbox 1505 123 1623 177; baseline 0.051 -6"><span class='ocrx_word' id='word_1_374' title='bbox 1505 123 1623 177; x_wconf 73' lang='lat'>[760]</span> 
     </span>
    </p>
   </div>
   <div class='ocr_carea' id='block_1_11' title="bbox 1507 243 1570 277">
    <p class='ocr_par' dir='ltr' id='par_1_11' title="bbox 1507 243 1570 277">
     <span class='ocr_line' id='line_1_44' title="bbox 1507 243 1570 277; baseline -0.016 0"><span class='ocrx_word' id='word_1_375' title='bbox 1507 243 1570 277; x_wconf 81' lang='lat'>194</span> 
     </span>
    </p>
   </div>
   <div class='ocr_carea' id='block_1_12' title="bbox 1503 429 1610 484">
    <p class='ocr_par' dir='ltr' id='par_1_12' title="bbox 1503 429 1610 484">
     <span class='ocr_line' id='line_1_45' title="bbox 1503 429 1610 484; baseline 0.019 -3"><span class='ocrx_word' id='word_1_376' title='bbox 1503 429 1610 484; x_wconf 81' lang='lat'><strong>[76¹]</strong></span> 
     </span>
    </p>
   </div>
   <div class='ocr_carea' id='block_1_13' title="bbox 1502 844 1565 882">
    <p class='ocr_par' dir='ltr' id='par_1_13' title="bbox 1502 844 1565 882">
     <span class='ocr_line' id='line_1_46' title="bbox 1502 844 1565 882; baseline 0.016 -1"><span class='ocrx_word' id='word_1_377' title='bbox 1502 844 1565 882; x_wconf 81' lang='grc' dir='ltr'>Ῑ95</span> 
     </span>
    </p>
   </div>
   <div class='ocr_carea' id='block_1_14' title="bbox 1501 1369 1566 1413">
    <p class='ocr_par' dir='ltr' id='par_1_14' title="bbox 1501 1369 1566 1413">
     <span class='ocr_line' id='line_1_47' title="bbox 1501 1369 1566 1413; baseline 0 -9"><span class='ocrx_word' id='word_1_378' title='bbox 1501 1369 1566 1413; x_wconf 91' lang='lat'>196</span> 
     </span>
    </p>
   </div>
   <div class='ocr_carea' id='block_1_15' title="bbox 1501 1842 1563 1877">
    <p class='ocr_par' dir='ltr' id='par_1_15' title="bbox 1501 1842 1563 1877">
     <span class='ocr_line' id='line_1_48' title="bbox 1501 1842 1563 1877; baseline -0.016 0"><span class='ocrx_word' id='word_1_379' title='bbox 1501 1842 1563 1877; x_wconf 87' lang='grc' dir='ltr'>Ι97</span> 
     </span>
    </p>
   </div>
  </div>
 </body>
</html>
