1737 2734
88 868 127 889 10

86 1535 126 1556 20

87 1867 125 1900 ²5

151 140 254 194 xxm]
499 141 630 182 KAT'
673 142 1132 182 ΑΝΔΡΟΤΙΩΝΟΣ

148 253 315 292 ἀκοῦσαι
338 251 527 303 γνώριμα,
553 253 669 290 τοῦτο
699 250 785 300 μέν,
813 251 846 290 εἰ
871 249 1087 300 βούλεσθε,
1115 249 1151 288 οἱ
1177 247 1225 286 τὰ
1254 245 1480 297 προπύλαια

147 319 210 358 καὶ
245 318 315 358 τὸν
351 317 569 369 παρθενῶν’
607 315 941 367 οἰκοδομήσαντες
978 317 1119 355 ἐκεῖνοι
1154 313 1216 354 καὶ
1249 311 1366 352 τᾶλλ’
1401 312 1479 352 ἀπὸ

146 389 225 425 τῶν
259 384 483 436 βαρβάρων
519 385 603 435 ἱερὰ
640 382 928 434 κοσμήσαντες,
967 381 1033 434 ἐφ’
1069 383 1128 423 οἷς
1163 379 1479 432 φιλοτιμούμεθα

147 451 291 492 πάντες
316 452 488 496 εἰκότως,
517 452 604 490 ἴστε
630 449 754 500 δήπου
777 449 881 489 τοῦτ’
906 449 1014 505 ἀκοῇ,
1042 449 1103 488 ὅτι
1125 447 1197 497 την
1227 447 1346 486 πόλιν
1372 446 1477 485 ἐκλι-

147 519 287 559 πόντες
322 519 383 558 καὶ
418 516 771 558 κατακλεισθέντες
805 517 860 557 εἷς
885 518 1107 565 Σαλαμῖνα,
1135 516 1178 554 ἐκ
1211 516 1278 553 τοῦ
1310 511 1478 564 τριήρεις

146 586 256 638 ἔχειν
280 584 410 624 πάντα
437 587 508 634 μὲν
539 585 586 623 τὰ
618 582 782 635 σφέτερ’
808 582 936 622 αὐτῶν
966 582 1030 622 καὶ
1058 581 1130 631 τὴν
1160 581 1279 621 πόλιν
1308 580 1355 635 τῇ
1385 596 1476 620 ναυ-

144 653 270 705 μαχία
294 650 529 701 νικήσαντες
555 651 729 695 ἔσωσαν,
757 652 921 690 πολλῶν
946 650 987 688 δὲ
1013 648 1076 688 καὶ
1100 646 1289 700 μεγάλων
1319 647 1478 698 ἀγαθῶν

145 722 227 759 τοῖς
259 718 401 759 ἄλλοις
425 716 607 768 “Έλλησι
641 716 896 766 κατέστησαν
929 716 1059 760 αἴτιοι,
1086 716 1141 754 ὧν
1174 713 1254 753 οὐδ’
1280 715 1300 753 ὁ
1333 713 1478 766 χρόνος

144 785 217 834 τὴν
257 784 414 835 μνήμην
452 783 680 836 ἀφελέσθαι
717 783 890 823 δύναται.
963 782 1054 822 εἶεν·
1107 780 1199 821 ἀλλ’
1239 782 1370 821 ἐκεῖνα
1406 782 1478 830 μὲν

145 852 292 904 ἀρχαῖα
312 851 375 891 καὶ
394 850 557 891 παλαιά.
616 849 707 891 ἀλλ’
728 851 751 890 ἃ
771 849 915 890 πάντες
940 847 1141 900 ἑοράκατε,
1163 847 1244 888 ἴσθ’
1263 848 1324 887 ὅτι
1344 847 1478 898 πρώην

148 918 373 968 Εὐβοεῦσιν
408 918 563 969 ἡμερῶν
598 922 716 969 τριῶν
753 915 1005 968 ἐβοηθήσατε
1044 915 1106 955 καὶ
1140 914 1349 965 Θηβαίους
1380 914 1475 954 ὑπο-

145 986 343 1026 σπόνδους
374 984 651 1036 ἀπεπέμψατε.
722 983 782 1036 ἆρ’
814 983 882 1023 οῦν
915 981 1020 1023 ταῦτ’
1055 980 1240 1033 ἐπράξατ’
1273 980 1322 1020 ἂν
1357 980 1479 1022 οὕτως

145 1051 278 1102 ὀξέως,
307 1052 340 1092 εἶ
370 1051 422 1102 μὴ
457 1055 551 1093 ναῦς
581 1053 711 1104 εἴχετε
744 1051 879 1091 καινὰς
904 1050 946 1089 ἐν
977 1049 1038 1090 αῖς
1073 1046 1346 1099 ἐβοηθήσατε;
1383 1046 1477 1087 ἀλλ’

145 1118 213 1158 οὐκ
248 1117 297 1159 ἂν
333 1118 536 1158 ἐδύνασθε.
611 1117 716 1158 ἄλλα
753 1116 872 1157 πόλλ’
905 1115 993 1169 ἔχοι
1028 1132 1088 1157 τις
1125 1114 1173 1155 ἂν
1210 1115 1334 1154 εἰπεῖν
1370 1113 1395 1154 ἃ
1430 1119 1478 1170 τῇ

145 1186 261 1225 πόλει
297 1184 431 1237 γέγον’
466 1186 509 1224 ἐκ
541 1188 610 1224 τοῦ
641 1184 785 1225 ταύτας
817 1182 1135 1223 κατεσκευάσθαι
1170 1185 1299 1222 καλῶς
1332 1180 1476 1232 ἀγαθά.

1312 1245 1396 1262 25!

146 1251 240 1292 εἶεν·
283 1253 324 1292 ἐκ
358 1253 400 1292 δὲ
432 1256 501 1291 τοῦ
533 1255 659 1293 κακῶς
692 1251 801 1291 πόσα
835 1249 964 1295 δεινά;
1007 1250 1056 1289 τὰ
1092 1251 1164 1299 μὲν
1201 1248 1308 1288 πόλλ
1354 1264 1476 1287 εασω·

145 1318 238 1358 ἀλλ’
263 1319 327 1358 ἐπὶ
360 1321 429 1358 τοῦ
456 1321 695 1358 Δεκελεικοῦ
727 1316 902 1367 πολέμου
926 1315 1021 1367 (τῶν
1056 1317 1132 1368 γὰρ
1166 1315 1342 1367 ἀρχαίων
1371 1314 1427 1360 ἕν,
1456 1313 1477 1353 ὃ

144 1385 289 1427 πάντες
304 1387 399 1435 ἐμοῦ
413 1388 571 1435 μᾶλλον
587 1382 1060 1434 ἐπίστασθε,ὑπομνήσω)
1076 1386 1240 1422 πολλῶν
1258 1381 1320 1420 καὶ
1338 1383 1478 1420 δεινῶν

145 1451 408 1505 ἀτυχημάτων
436 1450 682 1502 συμβάντων
705 1456 753 1507 τῇ
785 1451 902 1490 πόλει
935 1450 979 1489 οὐ
1007 1450 1199 1501 πρότερον
1227 1452 1279 1503 τῷ
1314 1446 1475 1502 πολέμῳ

147 1518 406 1569 παρέστησαν
432 1518 523 1569 πρὶν
548 1517 592 1557 τὸ
618 1518 800 1558 ναυτικὸν
831 1518 958 1557 αὐτῶν
990 1517 1184 1556 ἀπώλετο.
1257 1515 1319 1554 καὶ
1347 1516 1389 1555 τί
1418 1517 1480 1555 δεῖ

144 1587 192 1624 τὰ
216 1587 367 1625 παλαιὰ
386 1584 540 1637 λέγειν,·
575 1584 643 1624 τὸν
662 1587 889 1624 τελευταῖον
914 1585 990 1636 γὰρ
1009 1584 1097 1623 ἴστε
1118 1578 1214 1634 [τὸν]
1234 1581 1330 1633 πρὸς
1349 1584 1474 1621 Λακε-

144 1653 371 1702 δαιμονίους
403 1652 592 1701 πόλεμον,
622 1652 687 1691 ὅτε
720 1653 791 1700 μὲν
825 1654 917 1692 ναῦς
951 1649 1019 1689 οὐκ
1053 1648 1214 1689 ἐδοκεῖτ’
1239 1649 1479 1688 ἀποστεῖλαι

145 1717 401 1768 δυνήσεσθαι,
423 1722 506 1760 πῶς
525 1717 680 1758 διέκειθ’
699 1718 722 1768 ἡ
742 1718 871 1758 πόλις·
898 1716 976 1757 ἴστ’
996 1717 1165 1768 ὀρόβους
1185 1717 1302 1757 ὄντας
1327 1715 1477 1757 ὠνίους.

147 1785 280 1834 ἐπειδὴ
312 1784 345 1824 δ’
373 1785 651 1830 ἀπεστείλατε,
679 1783 834 1836 εἰρήνης
863 1783 1018 1837 ἐτύχεθ’
1044 1784 1186 1824 ὁποίας
1222 1781 1329 1823 τινὸς
1360 1781 1476 1832 ἐβού-

144 1854 280 1892 λεσθε.
354 1851 459 1891 ὥστε
506 1852 676 1897 δικαίως,
718 1850 748 1891 ὦ
797 1850 935 1903 ἄνδρες
976 1850 1191 1900 Ἀθηναῖοι,
1241 1849 1479 1899 τηλικαύτην

147 1919 327 1971 ἐχουσῶν
352 1917 478 1970 ῥοπὴν
504 1917 569 1969 ἐφ’
595 1917 758 1969 ἑκάτερα
782 1921 860 1957 τῶν
878 1917 1061 1969 τριήρων,
1083 1920 1222 1956 τοῦτον
1246 1917 1340 1967 ὅρον
1362 1913 1476 1964 τεθή-

148 2002 238 2025 κατε
267 1990 314 2041 τῇ
342 1985 486 2040 βουλῇ,
514 1984 646 2036 πότερ’
671 1985 792 2035 αὐτὴν
822 1987 882 2025 δεῖ
911 1987 1056 2034 λαβεῖν
1081 1983 1153 2032 τὴν
1183 1984 1348 2034 δωρειὰν
1372 1978 1395 2031 ἦ
1419 1981 1476 2021 οὔ.

147 2053 181 2092 εἰ
213 2053 288 2103 γὰρ
318 2051 447 2091 πάντα
481 2051 613 2091 τᾶλλα
645 2050 859 2100 διοικήσειε
893 2055 1035 2096 καλῶς,
1064 2049 1112 2090 δι’
1137 2050 1191 2089 ὧν
1225 2051 1267 2090 δὲ
1299 2049 1346 2088 τό
1377 2047 1411 2088 τ’
1437 2048 1453 2087 ε’

146 2118 272 2171 ἀρχῆς
295 2117 401 2158 ταῦτ’
427 2117 679 2168 ἐκτησάμεθα
705 2118 767 2158 καὶ
792 2121 861 2158 νῦν
891 2115 1082 2172 σῴζομεν,
1110 2116 1253 2158 ταύτας
1286 2115 1337 2166 μὴ
1365 2113 1477 2164 ποιή-

191 2238 210 2257 2
245 2229 353 2260 τᾶλλα
380 2227 486 2259 πάντα
516 2228 540 2257 F
716 2239 735 2266 4
770 2229 833 2269 ’γὰρ
860 2233 936 2267 post
963 2230 1035 2259 ἴστε
1063 2227 1137 2258 add.
1165 2226 1189 2257 S
1214 2225 1324 2264 vulg.:
1357 2235 1422 2255 om.
1447 2223 1479 2254 A

151 2281 190 2302 10
214 2270 288 2302 ἀλλ’
302 2271 321 2302 ἃ
338 2271 362 2301 S
376 2272 467 2310 vulg.
485 2282 490 2300 :
518 2271 537 2303 ἃ
553 2270 588 2302 δὲ
601 2271 653 2302 A:
678 2272 766 2303 ἀλλὰ
779 2271 888 2302 Cobet
901 2270 1015 2301 deleto
1034 2270 1187 2311 ἑοράκατε
1284 2279 1321 2308 14
1347 2270 1384 2300 ἂν
1400 2272 1479 2298 ante

149 2314 220 2353 ἔχοι
245 2314 272 2343 A
441 2325 483 2344 20
515 2316 589 2355 πρὶν
612 2316 631 2352 ἢ
655 2313 724 2345 AF
891 2325 928 2345 21
963 2317 1021 2346 τὸν
1044 2313 1127 2344 secl.
1154 2313 1271 2343 Blass:
1305 2315 1371 2343 τῶν
1388 2311 1479 2341 Weil

147 2358 188 2387 28
212 2357 384 2396 διοικήσειε
401 2357 489 2397 vulg.
508 2369 514 2388 z
539 2358 695 2396 διοικήσει
713 2357 737 2389 S
751 2358 776 2388 L
788 2357 818 2388 Y
830 2357 860 2389 O
980 2357 1020 2390 τό
1036 2357 1066 2388 τ’
1086 2359 1118 2398 ἐξ
1135 2357 1235 2398 ἀρχῆς
1252 2355 1360 2395 ταῦτ’]
1378 2367 1481 2386 ταυτα

147 2403 180 2441 ἐξ
197 2401 299 2441 ἀρχῆς
315 2401 344 2432 Α

1513 138 1627 191 [597]

1512 792 1553 825 14

1511 1256 1550 1292 Ι5

1508 1510 1626 1564 [598]

1513 1850 1554 1884 16
