1737 2734
113 575 130 606 5

96 908 133 929 10

94 1575 132 1596 20

94 1900 130 1931 25

154 175 259 231 xxn]
502 176 633 217 KAT'
675 176 1134 216 ΑΝΔΡΟΤΙΩΝΟΣ

151 285 299 326 τούτων
323 284 611 335 λαμβάνοντες,
634 282 676 325 ὃς
699 284 772 333 μὲν
792 281 840 322 ἂν
859 282 949 331 ὑμῖν
969 281 1117 320 ἀδικεῖν
1141 281 1250 336 δοκῇ,
1273 277 1480 323 κολάσετε,

151 352 194 394 ὃς
226 351 260 392 δ’
289 351 337 391 ἂν
367 350 432 402 μή,
463 350 543 391 τότ’
575 349 767 402 ἀφήσετε.
837 347 889 399 μὴ
920 347 986 388 οὖν
1017 347 1067 388 ὡς
1100 347 1197 398 ὑπὲρ
1228 348 1296 396 τῆς
1328 347 1482 396 βουλῆς

150 420 351 471 λεγόντων
390 419 451 458 καὶ
488 421 566 458 τῶν
601 420 764 457 πολλῶν
801 415 975 461 ἀκούετε,
1010 413 1102 454 ἀλλ’
1137 413 1188 455 ὡς
1223 414 1320 464 ὑπὲρ
1354 413 1482 452 αὑτῶν

151 484 508 538 παρακρουομένοις
532 484 750 536 ὀργίζεσθε.

211 551 304 592 Ἔτι
333 553 464 592 τοίνυν
490 551 655 603 Ἀρχίαν
685 550 793 601 οἶμαι
821 549 890 590 τὸν
918 547 1133 600 Χολαργέα
1157 546 1234 597 (καὶ
1264 547 1339 598 γὰρ
1369 545 1483 587 οὗτος

151 619 366 670 ἐβούλευεν
387 616 566 670 πέρυσιν)
582 618 631 658 ὡς
652 618 802 666 ἐπιεικῆ
820 614 1036 666 δεήσεσθαι
1057 616 1118 655 καὶ
1139 617 1318 665 συνερεῖν
1338 613 1481 654 αὐτοῖς.

152 687 232 738 ἐγὼ
261 685 293 726 δ’
319 686 450 735 οἴομαι
481 688 560 725 δεῖν
592 684 663 724 ὡδί
690 700 772 724 πως
802 683 959 723 ἀκούειν
984 682 1159 736 Ἀρχίου,
1187 682 1337 732 ε’ρωτᾶν
1366 679 1483 719 αὐτὸν

151 752 260 793 ταῦθ’
285 753 310 793 ἃ
339 753 603 803 κατηγόρηται
632 752 700 800 τῆς
729 752 895 801 βουλῆς,
922 748 1054 801 πότερ’
1082 749 1183 802 αὐτῷ
1217 750 1327 787 δοκεῖ
1355 750 1484 787 καλῶς

151 819 260 872 ἔχειν
297 815 319 868 ἦ
358 822 496 860 κακῶς·
535 817 607 858 κᾶν
642 819 715 868 μὲν
752 822 809 874 φῇ
847 820 988 862 καλῶς,
1027 815 1165 866 μηκέτι
1201 817 1269 854 τὸν
1304 817 1396 854 νοῦν
1434 813 1484 855 ὡς

151 888 317 926 ἐπιεικεῖ
347 884 577 938 προσέχειν,
608 883 656 924 ἂν
691 886 732 924 δὲ
768 887 904 929 κακῶς,
935 884 977 923 τί
1008 883 1054 932 δὴ
1087 881 1193 921 ταῦτ’
1225 882 1286 921 ε’ία
1315 880 1484 932 φάσκων

153 952 324 1002 ἐπιεικὴς
354 952 466 999 εῖναι,
499 951 621 991 πάλιν
650 950 767 991 αὐτὸν
798 952 983 1002 ἐρωτᾶτε.
1056 948 1126 989 κάν
1158 950 1230 999 μὲν
1262 946 1485 999 ἀντιλέγειν

153 1025 223 1077 φῇ,
257 1019 406 1070 μηδένα
442 1018 475 1058 δ’
510 1018 611 1072 αὐτῷ
648 1018 869 1064 πείθεσθαι,
904 1016 1052 1057 ἄτοπον
1086 1015 1211 1066 δήπου
1247 1017 1314 1055 νῦν
1349 1014 1485 1066 λέγειν

152 1087 249 1138 ὑπὲρ
272 1088 340 1136 τῆς
364 1087 412 1125 τὰ
437 1084 621 1136 βέλτιστ’
648 1085 736 1138 οὐχὶ
768 1083 1000 1134 πειθομένης
1033 1083 1134 1136 αὐτῷ
1164 1083 1331 1133 βουλῆς·
1368 1080 1416 1121 ἂν
1442 1083 1484 1121 δὲ

153 1156 323 1198 σιωπᾶν,
353 1156 434 1194 πῶς
463 1152 531 1192 οὐκ
561 1152 696 1197 ἀδικεῖ,
724 1152 771 1196 εἷ,
798 1154 923 1202 παρὸν
950 1149 1233 1201 ἐξαμαρτάνειν
1261 1147 1486 1199 μέλλοντας

152 1219 401 1272 ἀποτρέπειν,
421 1222 535 1259 τοῦτο
559 1221 631 1270 μὲν
650 1218 716 1258 οὐκ
745 1218 880 1264 ἐποίει,
903 1221 970 1257 νῦν
990 1219 1030 1257 δὲ
1055 1216 1190 1268 λέγειν
1208 1220 1336 1270 τολμᾷ
1356 1215 1407 1257 ὡς
1427 1217 1487 1255 δεῖ

152 1286 241 1329 τοὺς
266 1289 440 1326 τοσαῦτα
466 1285 549 1325 κάκ’
577 1284 860 1338 εἰργασμένους
887 1287 1168 1336 στεφανῶσαι;

218 1355 366 1404 Οἵομαι
388 1353 521 1393 τοίνυν
546 1352 663 1393 αὐτὸν
695 1351 773 1393 οὐδ’
802 1353 961 1392 ἐκείνων
986 1349 1208 1403 ἀφέξεσθαι
1231 1353 1309 1391 τῶν
1333 1351 1479 1403 λόγων,

152 1421 213 1461 ὅτι
242 1424 362 1461 ταῦτα
391 1419 503 1461 πάντ’
529 1420 630 1474 αὐτῷ
662 1421 725 1460 διὰ
757 1420 825 1460 τὰς
856 1416 1081 1470 εἰσπράξεις
1104 1417 1283 1470 γέγονεν,
1310 1417 1355 1459 ’ἀς
1384 1418 1481 1469 ὑπὲρ

151 1489 257 1538 ὑμῶν
287 1488 446 1539 ὀλίγους
481 1485 690 1538 εἰσπρᾶξαι
721 1484 846 1538 φήσει
874 1486 1008 1525 πολλὰ
1041 1484 1209 1538 χρήματ’
1239 1485 1405 1526 ἀναιδῶς
1436 1484 1481 1524 οὐ

151 1553 341 1596 τιθέντας.
413 1553 476 1593 καὶ
506 1551 771 1605 κατηγορήσει
799 1552 962 1598 τούτων,
990 1555 1151 1603 πρᾶγμα
1178 1549 1326 1606 ῥᾴδιον,
1359 1550 1478 1600 οἶμαι,

150 1620 243 1673 [τῶν
275 1620 327 1671 μὴ
358 1620 545 1661 τιθέντων
574 1622 644 1661 τὰς
674 1617 897 1672 εἰσφοράς,]
929 1619 991 1658 καὶ
1021 1617 1147 1671 φήσει
1180 1621 1315 1658 πᾶσαν
1346 1617 1480 1657 ἄδειαν

151 1687 318 1728 ἔσεσθαι
333 1690 401 1727 τοῦ
418 1686 469 1738 μὴ
486 1686 635 1727 τιθέναι
650 1688 720 1728 τὰς
737 1685 942 1738 εἰσφοράς,
961 1686 995 1726 εἰ
1015 1683 1328 1738 καταψηφιεῖσθ’
1347 1684 1479 1724 αὐτοῦ.

151 1755 260 1805 ὑμεῖς
285 1754 329 1800 δ’,
357 1751 386 1793 ὦ
413 1753 550 1806 ἄνδρες
567 1753 784 1803 Ἀθηναῖοι,
805 1756 960 1804 πρῶτον
984 1754 1057 1803 μὲν
1083 1754 1209 1793 ἐκεῖνο
1234 1753 1478 1802 ἐνθυμεῖσθε,

150 1822 212 1861 ὅτι
244 1821 289 1861 οὐ
318 1821 405 1872 περὶ
434 1821 582 1860 τούτων
611 1819 787 1860 δικάσειν
811 1819 1054 1870 ὀμωμόκατε,
1082 1819 1172 1859 ἀλλ’
1199 1820 1231 1860 εἰ
1266 1820 1363 1859 κατὰ
1392 1817 1481 1859 τοὺς

152 1888 294 1938 νόμους
312 1887 356 1927 τὸ
374 1885 558 1939 ψήφισμ’
580 1887 701 1932 εἶπεν,
724 1885 793 1926 εἶθ’
813 1887 874 1926 ὅτι
891 1886 1102 1927 πάνδεινόν
1122 1888 1221 1932 ἐστι,
1246 1885 1482 1937 κατηγορίαν

152 1955 386 2005 ποιούμενον
419 1954 470 1995 ὡς
503 1954 684 1993 ἀδικοῦσί
713 1969 815 1994 τινες
847 1952 919 2002 τὴν
951 1954 1080 1999 πόλιν,
1108 1952 1226 1993 αὐτὸν
1261 1951 1396 2002 ἀξιοῦν
1427 1952 1482 1991 ῶν

152 2021 279 2061 ἀδικεῖ
311 2020 498 2071 μειζόνων
535 2022 659 2060 ὄντων
694 2019 746 2070 μὴ
783 2022 917 2059 δοῦναι
952 2021 1076 2069 δίκην·
1115 2020 1217 2059 πολὺ
1251 2020 1325 2071 γὰρ
1359 2016 1482 2067 δήπου

151 2087 285 2137 μεῖζόν
328 2086 411 2127 ἐστ’
454 2087 622 2137 ἀδίκημα
664 2085 833 2138 γράφειν
877 2088 982 2137 παρὰ
1023 2086 1113 2128 τοὺς
1161 2087 1304 2136 νόμους
1345 2081 1368 2134 ἦ
1409 2083 1480 2133 τὴν

153 2154 348 2206 εἰσφορὰν
377 2153 428 2204 μὴ
456 2153 617 2193 τιθέναι.
688 2154 748 2192 ὅτι
777 2154 908 2193 τοίνυν
937 2152 1015 2192 οὐδ’
1042 2154 1076 2193 εἰ
1101 2157 1281 2204 φανερῶς
1309 2152 1479 2202 ἔμελλεν

198 2273 214 2301 7
251 2265 329 2302 ὑμᾶς
358 2267 433 2301 post
461 2264 528 2293 δεῖν
555 2262 630 2292 add.
657 2262 769 2300 vulg.:
806 2272 869 2291 orn.
899 2259 963 2291 SL
1139 2262 1159 2291 8
1190 2263 1419 2302 κατηγορεῖται
1447 2259 1479 2289 Α

157 2315 192 2335 11
234 2305 420 2346 ἀντιλέγειν
450 2306 566 2343 vulg-t
607 2306 736 2336 ἐναντία
773 2304 887 2345 λέγειν
918 2303 1021 2335 SD:
1061 2305 1154 2336 ἀντία
1191 2305 1302 2345 λέγειν
1334 2304 1360 2334 L
1393 2313 1478 2334 corr.

157 2359 196 2387 13
227 2351 311 2390 αὐτῷ
335 2350 449 2387 vulg:
481 2350 584 2389 ἑαυτῷ
610 2348 731 2387 SYO,
758 2348 798 2379 cs.
829 2351 844 2385 5
870 2349 912 2388 58
1057 2358 1095 2377 21
1131 2347 1378 2389 διαπραξάμενος
1402 2351 1479 2386 post

154 2393 239 2432 οἶμαι
263 2393 339 2424 add.
367 2392 429 2423 SL
449 2393 513 2423 aL:
540 2402 603 2422 orn.
622 2390 702 2421 AF¹
807 2396 873 2423 τῶν
895 2391 940 2430 μὴ
967 2415 974 2421 .
1000 2415 1006 2421 .
1032 2414 1039 2421 .
1068 2392 1220 2432 εἰσφορὰς
1244 2391 1323 2421 secl.
1342 2390 1478 2420 Dobree

154 2445 195 2475 25
220 2435 323 2476 εἶπεν]
344 2438 463 2477 εἴρηται
480 2435 510 2465 Α
643 2445 686 2474 29
709 2437 806 2467 θεῖναι
825 2434 851 2465 F

1515 172 1634 227 [605]

1513 564 1560 597 40

1516 817 1638 872 [606]

1515 960 1556 993 41

1511 1366 1555 1399 42

1510 2163 1556 2196 44
