1737 2734
118 859 155 880 10

181 133 295 187 xxm]
439 135 567 175 KAT‘
617 136 1169 175 ΑΡΙΣΤΟΓΕΙΤΟΝΟΣ
1219 138 1249 174 Β

179 243 242 282 καὶ
271 242 316 282 τὸ
345 241 398 292 μὴ
424 243 653 294 πειθαρχεῖν
683 240 813 283 αὐτοῖς
842 241 982 291 ἡλίκον
1011 241 1141 287 κακόν,
1170 242 1203 281 εἰ
1233 239 1281 280 τά
1305 239 1338 280 τ’
1365 241 1408 280 ἐκ
1433 243 1510 280 τῶν

178 310 309 359 νόμων
344 309 474 360 ἀγαθὰ
511 308 632 361 χωρὶς
669 308 730 347 καὶ
767 309 814 347 τὰ
851 310 914 348 διὰ
952 309 1020 358 τῆς
1053 308 1299 359 παρανομίας
1335 308 1508 357 συμβαί-

178 392 297 415 νοντα
327 374 400 427 πρὸ
430 376 649 426 ὀφθαλμῶν
674 376 763 425 ὑμῖν
793 374 924 416 αὐτοῖς
955 374 1219 425 ποιησάμενοι
1251 372 1507 426 θεωρήσαιτε.

178 442 365 493 εὑρήσετε
403 444 479 494 γὰρ
517 441 586 491 τὴν
624 444 697 492 μὲν
736 443 784 481 τὰ
823 444 892 491 τῆς
930 442 1072 492 μανίας
1113 441 1175 481 καὶ
1217 441 1408 492 ἀκρασίας
1449 442 1510 481 καὶ

178 507 421 558 πλεονεξίας,
460 508 548 549 τοὺς
587 510 627 549 δὲ
667 510 715 548 τὰ
755 510 824 558 τῆς
862 506 1098 560 φρονήσεως
1140 508 1202 548 καὶ
1242 507 1510 560 σωφροσύνης

178 576 238 615 καὶ
265 576 516 625 δικαιοσύνης
543 575 638 627 ἔργα
664 574 1036 626 διαπραττομένους.
1091 577 1213 624 δῆλον
1239 573 1293 614 δέ·
1331 577 1409 614 τῶν
1435 576 1510 626 ’γὰρ

176 643 334 682 πόλεων
358 642 501 684 ταύτας
530 641 659 694 ἄριστ’
686 640 919 692 οἰκουμένας
949 643 1097 692 ἴδοιμεν
1122 641 1170 681 ἂν
1195 643 1238 681 ἐν
1263 641 1324 683 αῖς
1354 640 1509 693 ἄριστοι

175 708 385 758 νομοθέται
417 709 648 761 γεγόνασιν·
686 710 734 748 τὰ
765 711 837 759 μὲν
870 710 944 760 γὰρ
974 709 1016 748 ἐν
1048 711 1130 750 τοῖς
1164 708 1349 758 σώμασιν
1381 708 1504 759 ἀρρω-

176 775 357 827 στήματα
386 780 468 817 τοῖς
497 779 574 815 τῶν
606 777 747 827 ἰατρῶν
780 774 973 826 εὑρήμασι
1001 775 1275 820 καταπαύεται,
1305 776 1376 816 τὰς
1405 774 1439 814 δ’
1465 777 1509 816 ἐν

174 845 259 884 ταῖς
273 847 425 895 ψυχαῖς
442 843 678 894 ἀγριότητας
696 844 734 882 αἱ
752 845 831 882 τῶν
848 844 1070 892 νομοθετῶν
1089 841 1307 894 ἐξορίζουσι
1325 840 1506 882 διάνοιαι.

172 910 275 950 ὅλως
304 909 336 949 δ’
363 909 475 949 οὐδὲν
501 909 589 949 οὔτε
620 912 766 959 σεμνὸν
795 909 883 948 οὔτε
912 911 1130 949 σπουδαῖον
1155 907 1375 959 εὑρήσομεν
1404 907 1424 948 ὃ
1453 908 1506 958 μὴ

171 977 292 1026 νόμου
323 976 617 1025 κεκοινώνηκεν,
644 976 729 1016 ἐπεὶ
761 977 823 1015 καὶ
855 975 923 1015 τὸν
952 976 1049 1015 ὅλον
1080 975 1230 1026 κόσμον
1257 975 1319 1015 καὶ
1344 977 1391 1015 τὰ
1420 978 1507 1016 θεῖα

173 1043 235 1082 καὶ
274 1044 343 1084 τὰς
382 1042 626 1093 καλουμένας
667 1043 769 1094 ὥρας
810 1043 929 1093 νόμος
969 1042 1031 1081 καὶ
1069 1040 1190 1092 τάξις,
1233 1043 1267 1082 εἰ
1308 1041 1383 1094 χρὴ
1423 1046 1506 1084 τοῖς

172 1109 385 1160 ὁρωμένοις
428 1110 643 1154 πιστεύειν,
683 1111 845 1149 διοικεῖν
883 1110 1080 1161 φαίνεται.
1151 1108 1504 1160 παρακαλέσαντες

171 1176 240 1216 οὖν
283 1177 381 1226 ὑμᾶς
424 1176 577 1221 αὐτούς,
618 1176 755 1227 ἄνδρες
792 1175 1007 1225 Ἀθηναῖοι,
1046 1174 1279 1225 βοηθήσατε
1312 1177 1386 1226 μὲν
1421 1179 1504 1218 τοῖς

171 1244 317 1293 νόμοις,
371 1245 714 1295 καταψηφίσασθε
764 1245 805 1282 δὲ
859 1246 936 1282 τῶν
985 1243 1040 1283 εἷς
1087 1241 1132 1282 τὸ
1180 1244 1286 1282 θεῖον
1333 1243 1502 1293 ἀσεβεῖν

170 1309 464 1366 προῃρημένων.
538 1310 600 1349 καὶ
631 1309 735 1349 ταῦτ’
761 1310 829 1349 ἐὰν
860 1308 1046 1360 πράξητε,
1074 1310 1122 1348 τὰ
1148 1307 1288 1349 δέοντα
1312 1307 1501 1359 ποιήσετε

171 1378 233 1415 καὶ
259 1379 306 1416 τὰ
334 1376 524 1428 κράτιστα
549 1378 788 1428 ψηφιεῖσθε.

216 1498 227 1517 1
255 1488 293 1518 τὸ
310 1492 388 1516 ante
406 1487 448 1523 μὴ
466 1496 528 1516 om.
549 1486 640 1525 vulg.
661 1497 668 1515 τ
691 1486 766 1516 add.
789 1485 811 1515 S
825 1485 854 1515 Α
869 1485 897 1515 Y
999 1488 1064 1517 τῶν
1081 1485 1200 1526 νόμων]
1219 1488 1277 1518 τοῦ
1295 1485 1390 1522 νόμου
1405 1485 1498 1516 Weil

168 1541 187 1560 2
212 1531 315 1571 ἀγαθὰ
332 1530 411 1560 secl.
432 1529 523 1560 Weil
674 1539 693 1567 3
719 1530 913 1571 θεωρήσαιτε
940 1528 1069 1559 Reiske
1085 1540 1091 1559 ε
1123 1530 1301 1570 θεωρήσετε
1327 1529 1350 1559 S
1364 1529 1388 1559 F
1401 1530 1429 1559 Y
1442 1529 1472 1560 O
1490 1542 1497 1560 ε

167 1574 349 1615 θεωρήσατε
367 1573 397 1603 Α
499 1584 518 1610 4
542 1575 599 1610 τῆς
616 1577 694 1603 ante
712 1573 865 1613 ἀκρασίας
882 1573 957 1603 add.
978 1572 1001 1603 S
1014 1572 1045 1602 A
1058 1572 1089 1603 Y
1101 1572 1131 1603 O
1149 1584 1155 1603 ε
1181 1583 1245 1603 om.
1268 1573 1293 1603 F
1395 1582 1414 1612 5
1438 1575 1498 1611 τῆς

167 1623 245 1647 ante
263 1616 449 1658 πλεονεξίας
466 1617 542 1647 add.
563 1615 651 1655 vulg.
671 1628 677 1646 :
701 1626 767 1646 om.
789 1616 812 1646 S
825 1616 854 1646 Y
993 1617 1057 1654 5-6
1080 1617 1154 1648 τοὺς
1171 1615 1205 1648 δὲ
1224 1639 1231 1646 .
1252 1639 1259 1646 .
1279 1639 1286 1646 .
1307 1618 1496 1656 διαπραττο-

166 1661 279 1699 μένους
318 1661 347 1690 Α
361 1660 384 1689 S
423 1670 507 1690 corr.
524 1670 530 1690 z
577 1661 635 1691 τὸν
666 1659 701 1692 δὲ
733 1683 740 1690 .
776 1682 783 1689 .
819 1683 825 1689 .
861 1659 1137 1700 διαπραττόμενον
1176 1658 1213 1689 S¹
1228 1658 1293 1689 FY
1305 1659 1335 1690 O
1371 1659 1494 1698 (Weil)

166 1713 185 1742 5
210 1703 394 1745 φρονήσεώς
411 1716 447 1734 τε
466 1704 516 1734 καὶ
535 1702 558 1733 S
570 1702 601 1733 Y
613 1702 643 1733 O
744 1707 781 1741 15
807 1701 832 1735 ὦ
847 1707 927 1732 anti·
944 1704 1053 1744 ἄνδρες
1071 1703 1146 1733 add.
1167 1703 1275 1741 vulg.:
1302 1712 1365 1733 om.
1385 1702 1409 1733 S
1421 1702 1452 1733 A
1464 1702 1496 1733 Ο

1542 135 1659 190 [808]

1540 582 1584 617 26

1536 989 1554 1005 θ

1561 990 1579 1023 7
