1737 2734
135 148 222 202 xm]
556 153 715 190 ΚΑΤΑ
766 152 1040 190 ΜΕΙΔΙΟὙ
1501 150 1610 204 [585]

160 258 170 269 X
252 258 262 269 Ι
374 256 383 268 Ι
466 257 473 269 V
591 257 605 271 »Ι
715 257 724 269 9
784 258 795 270 N
861 257 875 270 »l
899 256 908 270 ἲ
968 257 976 270 Ἴ
1009 259 1019 269 N
1083 258 1092 271 Q
1239 254 1249 269 Ι
1408 257 1438 269 §X

133 276 178 307 νη
208 262 299 302 Δια,
327 262 471 309 φησειε
497 274 555 299 τις
585 274 646 297 αν·
684 274 728 297 ου
753 274 827 309 γαρ
855 274 897 296 ετ
936 260 1049 297 ουδεν
1074 259 1330 308 υβρισθησει.
1401 272 1471 296 εαν

133 324 187 369 δέ,
206 323 286 364 τότ’
303 325 516 376 ὀργιεῖσθε,
536 329 605 364 νῦν
626 323 815 376 ἀφέντες;
850 326 1049 374 μηδαμῶς,
1069 322 1097 364 ὦ
1118 323 1256 375 ἄνδρες
1276 324 1470 368 δικασταί,

131 391 183 441 μὴ
216 393 391 442 προδῶτε
422 389 512 441 μήτ’
543 393 610 442 ἐμὲ
644 390 734 442 μήθ’
764 393 864 441 ὑμᾶς
895 390 1034 432 αὐτοὺς
1062 389 1159 442 μήτε
1191 390 1281 432 τοὺς
1314 390 1469 440 νόμους.

1529 468 1546 492 RQ

1553 469 1570 502 &a

134 459 197 498 καὶ
227 459 301 510 γὰρ
330 457 425 497 αὐτὸ
454 457 556 497 τοῦτ’
583 460 616 498 εἶ
644 457 812 498 ’θέλοιτε
846 461 1011 497 σκοπεῖν
1044 459 1106 498 καὶ
1137 458 1277 507 ζητεῖν,
1303 460 1356 511 τῷ
1386 456 1472 497 ποτ’
1504 467 1522 492 2

97 541 113 571 5
135 526 237 565 εἰσὶν
268 525 373 575 ὑμῶν
400 527 436 565 οἱ
467 525 527 565 ἀεὶ
560 524 783 574 δικάζοντες
816 524 975 577 ἰσχυροὶ
1007 526 1069 564 καὶ
1102 525 1223 576 κύριοι
1252 527 1330 564 τῶν
1359 524 1403 563 ἐν
1427 529 1473 579 τῇ

135 592 251 632 πόλει
287 591 457 640 πάντων,
499 591 566 632 ἐάν
602 609 644 632 τε
690 592 916 632 διακοσίους
955 590 1024 631 ἐάν
1061 608 1102 631 τε
1139 591 1294 644 χιλίους
1334 589 1403 631 ἐάν
1440 590 1473 629 θ’

135 659 386 698 ὁποσουσοῦν
425 659 447 709 ἡ
490 659 607 700 πόλις
649 659 806 714 καθίσῃ,
849 658 937 698 οὔτε
979 662 1032 712 τῷ
1073 657 1159 708 μεθ’
1196 659 1333 698 ὅπλων
1373 656 1473 697 εἶναι

136 725 444 777 συντεταγμένοι
479 726 592 776 μόνοι
621 730 698 765 τῶν
733 725 869 765 ἄλλων
898 728 1085 769 πολιτῶν,
1121 724 1260 776 εὕροιτ’
1290 724 1351 770 ἄν,
1383 725 1473 764 οὔτε

136 797 188 846 τῷ
219 794 266 832 τὰ
298 792 448 843 σώματ’
476 792 604 844 ἄριστ’
632 793 741 845 ἔχειν
767 792 828 832 καὶ
858 791 1022 842 μάλιστ’
1050 792 1205 844 ἰσχύειν
1231 788 1335 842 [τοὺς
1362 790 1468 831 δικά-
1502 787 1617 843 [586]1

81 879 117 900 10
139 857 301 910 ζονταςῙ,
321 860 409 899 οὔτε
427 863 478 913 τῷ
497 859 566 909 τὴν
584 860 743 909 ἡλικίαν
761 858 859 899 εἶναι
876 859 1075 904 νεώτατοι,
1089 859 1179 898 οὔτε
1196 862 1272 898 τῶν
1285 858 1472 898 τοιούτων

137 927 278 971 οὐδενί,
315 927 422 966 ἀλλὰ
457 930 511 981 τῷ
550 926 640 968 τοὺς
676 927 819 976 νόμους
856 925 1025 978 ἰσχύειν.
1096 925 1119 975 ἡ
1153 927 1194 965 δὲ
1230 928 1309 966 τῶν
1342 925 1473 976 νόμων
1505 937 1573 969 224

140 993 256 1046 ἰσχὺς
285 994 344 1034 τίς
378 995 510 1036 ἐστινε
550 992 611 1045 ἆρ’
641 993 710 1032 ε’άν
741 1009 798 1034 τις
831 993 939 1042 ὑμῶν
968 992 1222 1042 ἀδικούμενος
1256 991 1471 1047 ἀνακράγῃ,

139 1063 484 1111 προσδραμοῦνται
513 1061 575 1099 καὶ
601 1058 844 1111 παρέσονται
868 1062 1131 1110 βοηθοῦντες;
1170 1059 1227 1098 οὔ·
1265 1058 1475 1111 γράμματα

139 1129 214 1179 γὰρ
245 1126 485 1179 γεγραμμέν’
519 1126 616 1172 ἐστί,
650 1127 712 1166 καὶ
744 1125 833 1178 οὐχὶ
867 1125 1038 1166 δύναιντ’
1069 1126 1117 1166 ἂν
1147 1129 1261 1165 τοῦτο
1294 1127 1472 1176 ποιῆσαι.

82 1211 117 1242 15
139 1196 197 1234 τίς
225 1193 292 1233 οὖν
318 1193 340 1243 ἡ
368 1194 530 1244 δύναμις
560 1193 686 1233 αὐτῶν
712 1194 842 1239 ἐστιν;
880 1194 989 1243 ὑμεῖς
1020 1194 1090 1232 ἐὰν
1114 1192 1308 1243 βεβαιῶτ’
1334 1193 1475 1233 αὐτοὺς

141 1261 202 1301 καὶ
231 1259 430 1313 παρέχητε
462 1262 614 1312 κυρίους
643 1260 703 1300 ἀεὶ
728 1263 781 1314 τῷ
812 1259 997 1314 δεομένῳ.
1068 1260 1208 1299 οὐκοῦν
1233 1261 1269 1300 οἱ
1299 1260 1412 1310 νόμοι
1442 1259 1476 1299 θ’

139 1330 229 1378 ὑμῖν
257 1328 359 1368 εἰσιν
381 1328 536 1379 ἰσχυροὶ
565 1327 628 1366 καὶ
654 1328 762 1377 ὑμεῖς
786 1330 868 1368 τοῖς
892 1327 1038 1377 νόμοις.
1093 1330 1154 1366 δεῖ
1175 1327 1307 1367 τοίνυν
1326 1327 1477 1368 τούτοις
1508 1334 1573 1370 225

140 1397 305 1445 βοηθεῖν
331 1394 473 1444 ὁμοίως
502 1394 639 1445 ὥσπερ
665 1393 712 1434 ἂν
739 1395 841 1447 αὑτῷ
868 1410 926 1434 τις
956 1393 1210 1448 ἀδικουμένῳ,
1239 1393 1301 1433 καὶ
1326 1395 1375 1433 τὰ
1399 1397 1478 1433 τῶν

140 1463 269 1512 νόμων
302 1459 521 1511 ἀδικήματα
559 1462 666 1500 κοινὰ
702 1461 884 1511 νομίζειν,
919 1460 983 1512 ἐφ’
1012 1461 1104 1501 ὅτου
1135 1477 1208 1511 περ
1237 1460 1285 1500 ἂν
1314 1459 1474 1511 λαμβά-

83 1546 119 1566 20
139 1545 264 1579 νηται,
298 1529 359 1568 καὶ
388 1527 487 1579 μήτε
518 1528 755 1583 λῃτουργίας
789 1526 879 1577 μήτ’
909 1527 1025 1567 ἔλεον
1056 1526 1146 1578 μήτ’
1175 1526 1297 1579 ἄνδρα
1329 1526 1479 1577 μηδένα

138 1596 236 1646 μήτε
264 1595 411 1648 τέχνην
438 1597 631 1646 μηδεμίαν
664 1596 864 1645 εὑρῆσθαι,
892 1594 941 1634 δι’
967 1596 1058 1635 ὅτου
1087 1594 1273 1645 παραβάς
1303 1610 1360 1635 τις
1388 1594 1479 1635 τοὺς

140 1664 281 1714 νόμους
306 1662 351 1702 οὐ
376 1662 496 1703 δώσει
521 1663 645 1711 δίκην.

206 1730 339 1780 ‘Tuam
361 1731 397 1770 οἱ
418 1729 608 1780 θεώμενοι
627 1731 707 1770 τοῖς
731 1729 963 1770 Διονυσίοις
984 1727 1148 1768 εἰσιόντ’
1169 1729 1224 1770 εἷς
1243 1731 1286 1767 τὸ
1313 1726 1477 1778 θέατρον
1509 1730 1575 1763 226

140 1801 277 1837 τοῦτον
311 1798 534 1848 ἐσυρίττετε
577 1797 638 1836 καὶ
673 1795 875 1844 ἐκλώζετε,
913 1796 975 1835 καὶ
1008 1794 1124 1835 πάνθ’
1157 1795 1181 1834 ἃ
1212 1795 1354 1845 μίσους
1390 1794 1478 1834 ἐστὶ

82 1879 118 1910 25
141 1864 277 1915 σημεῖ’
305 1865 488 1910 ἐποιεῖτε,
515 1864 629 1904 οὐδὲν
660 1862 872 1912 ἀκηκοότες
902 1878 962 1901 πω
992 1862 1080 1913 περὶ
1109 1861 1226 1901 αὐτοῦ
1251 1860 1342 1913 παρ’
1368 1861 1474 1910 ἐμοῦ.

140 1931 224 1971 εἶτα
254 1931 344 1983 πρὶν
378 1933 451 1982 μὲν
482 1933 722 1984 ἐλεγχθῆναι
758 1928 802 1968 τὸ
836 1931 1010 1981 πρᾶγμα,
1045 1928 1273 1980 ὠργίζεσθε,
1305 1926 1475 1979 προύκα-

139 1998 268 2038 λεῖσθ’
290 1998 354 2038 ἐπὶ
380 1999 569 2050 τιμωρίαν
587 1997 656 2037 τὸν
680 1996 871 2041 παθόντα,
893 1995 1082 2047 ἐκροτεῖθ’
1104 1997 1169 2035 ὅτε
1190 1994 1477 2046 προύβαλόμην

184 2124 202 2149 4
228 2113 359 2153 καὶγὰρ
376 2111 414 2143 αὖ
430 2114 540 2143 τοῦτο·
566 2111 594 2142 εἱ
612 2109 755 2143 Dobree,
776 2108 817 2139 cf.
840 2111 854 2145 ξ
878 2108 948 2146 167,
970 2107 1028 2137 xix
1046 2116 1109 2145 314
1232 2115 1249 2143 7
1275 2105 1476 2135 ὁποσουσοῦν

139 2157 168 2185 Α
185 2167 191 2185 z
217 2156 354 2187 ὁπόσους
371 2157 410 2187 ἂν
429 2155 452 2185 S
470 2154 559 2192 vulg.
579 2165 586 2184 t
611 2154 796 2190 ὁποσουσδὴ
814 2151 921 2182 Cobet
1050 2161 1071 2189 9
1094 2150 1169 2181 τοὺς
1186 2147 1371 2187 δικάζοντας
1391 2147 1472 2177 secl.

141 2199 280 2229 Bekker
415 2208 451 2228 11
478 2202 522 2238 τῷ
540 2198 614 2229 τοὺς
631 2196 743 2235 νόμους
763 2195 890 2235 ἰσχύειν
902 2193 1050 2233 Taylor:
1077 2197 1121 2234 τῷ
1138 2195 1205 2224 τοῖς
1223 2191 1329 2230 νόμοις
1348 2190 1476 2229 ἰσχύειν

139 2242 169 2271 Α
184 2243 208 2272 F
221 2243 246 2272 Ρ
261 2254 267 2272 z
291 2244 332 2284 τῇ
351 2245 416 2274 τῶν
434 2241 538 2281 νόμων
555 2240 648 2280 ἰσχύϊ
660 2240 683 2270 S
695 2239 726 2269 Y
739 2239 769 2269 O
862 2248 899 2268 21
922 2238 997 2277 μήτ’
1017 2238 1101 2269 ἄλλο
1119 2236 1219 2276 μηδέν
1234 2239 1311 2274 post
1326 2236 1475 2274 εὑρῆσθαι

139 2291 234 2323 (ante
253 2288 401 2322 εὑρῆσθαι
419 2285 466 2324 Α)
486 2285 560 2315 add.
582 2284 670 2322 vulg.
691 2295 698 2313 z
723 2293 788 2313 om.
811 2282 834 2312 S
849 2282 894 2311 P:
921 2281 984 2311 del.
1007 2281 1117 2311 Cobet
1219 2289 1260 2317 24
1286 2278 1474 2318 ἐσυρίττετε

140 2331 191 2360 καὶ
218 2328 376 2368 ἐκλώζετε
404 2328 588 2358 Lambinus
613 2326 688 2357 coll.
719 2326 888 2365 Harpocr.
905 2335 932 2356 s.
948 2335 978 2355 v.
1001 2323 1181 2363 ἐκλώζετει
1209 2322 1398 2363 ἐσυρίττετε
1422 2322 1474 2352 καὶ

140 2372 333 2413 ἐκεκράγετε
350 2372 373 2402 S
386 2372 416 2401 Y
429 2372 459 2402 Ο
473 2371 518 2401 P:
545 2371 733 2411 ἐσυρίττετε
751 2374 830 2400 cett.
924 2378 1031 2406 24—25
1057 2369 1108 2398 καὶ
1125 2367 1231 2398 πάντα
1247 2366 1267 2397 ἃ
1280 2390 1286 2396 .
1305 2390 1312 2396 .
1330 2389 1337 2395 .
1355 2366 1475 2402 σημεῖα

141 2418 278 2447 ἐποιεῖτε
297 2415 320 2445 S
334 2415 363 2444 Y
375 2414 405 2444 O
420 2415 446 2444 P
460 2426 465 2444 τ
492 2416 576 2446 ὥστε
594 2414 613 2445 ἃ
627 2438 633 2444 .
651 2438 658 2445 ,
676 2438 682 2444 .
701 2416 818 2452 σημεῖα
832 2412 967 2454 (σημεῖα
983 2421 1049 2441 om.
1066 2410 1106 2452 F)
1123 2410 1214 2442 ταῦτ’
1228 2411 1365 2441 ἐποιεῖτε
1380 2407 1470 2446 vulg.
