<?xml version="1.0" encoding="UTF-8"?>
<!DOCTYPE html PUBLIC "-//W3C//DTD XHTML 1.0 Transitional//EN"
    "http://www.w3.org/TR/xhtml1/DTD/xhtml1-transitional.dtd">
<html xmlns="http://www.w3.org/1999/xhtml" xml:lang="en" lang="en">
 <head>
  <title>
</title>
<meta http-equiv="Content-Type" content="text/html;charset=utf-8" />
  <meta name='ocr-system' content='tesseract 3.04.00' />
  <meta name='ocr-capabilities' content='ocr_page ocr_carea ocr_par ocr_line ocrx_word'/>
</head>
<body>
  <div class='ocr_page' id='page_1' title='image "./p1orationesrecog02demouoft_0268.png"; bbox 0 0 1737 2734; ppageno 0'>
   <div class='ocr_carea' id='block_1_1' title="bbox 93 141 201 195">
    <p class='ocr_par' dir='ltr' id='par_1_1' title="bbox 93 141 201 195">
     <span class='ocr_line' id='line_1_1' title="bbox 93 141 201 195; baseline 0 0"><span class='ocrx_word' id='word_1_1' title='bbox 93 141 201 195; x_wconf 86' lang='lat'>[737]</span> 
     </span>
    </p>
   </div>
   <div class='ocr_carea' id='block_1_2' title="bbox 137 453 201 487">
    <p class='ocr_par' dir='ltr' id='par_1_2' title="bbox 137 453 201 487">
     <span class='ocr_line' id='line_1_2' title="bbox 137 453 201 487; baseline 0 0"><span class='ocrx_word' id='word_1_2' title='bbox 137 453 201 487; x_wconf 82' lang='lat'>118</span> 
     </span>
    </p>
   </div>
   <div class='ocr_carea' id='block_1_3' title="bbox 138 791 203 825">
    <p class='ocr_par' dir='ltr' id='par_1_3' title="bbox 138 791 203 825">
     <span class='ocr_line' id='line_1_3' title="bbox 138 791 203 825; baseline 0 -9"><span class='ocrx_word' id='word_1_3' title='bbox 138 791 203 825; x_wconf 83' lang='lat'>119</span> 
     </span>
    </p>
   </div>
   <div class='ocr_carea' id='block_1_4' title="bbox 90 1160 201 1213">
    <p class='ocr_par' dir='ltr' id='par_1_4' title="bbox 90 1160 201 1213">
     <span class='ocr_line' id='line_1_4' title="bbox 90 1160 201 1213; baseline 0 0"><span class='ocrx_word' id='word_1_4' title='bbox 90 1160 201 1213; x_wconf 77' lang='lat'>[738]</span> 
     </span>
    </p>
   </div>
   <div class='ocr_carea' id='block_1_5' title="bbox 140 1225 204 1250">
    <p class='ocr_par' dir='ltr' id='par_1_5' title="bbox 140 1225 204 1250">
     <span class='ocr_line' id='line_1_5' title="bbox 140 1225 204 1250; baseline -0.016 0"><span class='ocrx_word' id='word_1_5' title='bbox 140 1225 204 1250; x_wconf 79' lang='lat'>120</span> 
     </span>
    </p>
   </div>
   <div class='ocr_carea' id='block_1_6' title="bbox 658 136 1555 190">
    <p class='ocr_par' dir='ltr' id='par_1_6' title="bbox 658 136 1555 190">
     <span class='ocr_line' id='line_1_6' title="bbox 658 136 1555 190; baseline -0.001 -11"><span class='ocrx_word' id='word_1_6' title='bbox 658 141 1139 179; x_wconf 73' lang='grc' dir='ltr'>ΔΗΜΟΣΘΕΝΟΤΣ</span> <span class='ocrx_word' id='word_1_7' title='bbox 1440 136 1555 190; x_wconf 73' lang='lat' dir='ltr'>[xxn&#39;</span> 
     </span>
    </p>
   </div>
   <div class='ocr_carea' id='block_1_7' title="bbox 233 244 1561 1491">
    <p class='ocr_par' dir='ltr' id='par_1_7' title="bbox 233 244 1561 1491">
     <span class='ocr_line' id='line_1_7' title="bbox 234 244 1558 296; baseline 0.001 -12"><span class='ocrx_word' id='word_1_8' title='bbox 234 248 302 284; x_wconf 83' lang='grc' dir='ltr'>νῦν</span> <span class='ocrx_word' id='word_1_9' title='bbox 334 245 380 290; x_wconf 83' lang='grc' dir='ltr'>δ’,</span> <span class='ocrx_word' id='word_1_10' title='bbox 413 245 544 294; x_wconf 72' lang='grc' dir='ltr'>ἐπειδη</span> <span class='ocrx_word' id='word_1_11' title='bbox 581 244 798 296; x_wconf 81' lang='grc' dir='ltr'>ἀπέφυγεν,</span> <span class='ocrx_word' id='word_1_12' title='bbox 831 245 875 284; x_wconf 81' lang='grc' dir='ltr'>τὸ</span> <span class='ocrx_word' id='word_1_13' title='bbox 908 247 979 295; x_wconf 83' lang='grc' dir='ltr'>μὲν</span> <span class='ocrx_word' id='word_1_14' title='bbox 1013 245 1199 296; x_wconf 76' lang='grc' dir='ltr'>ὑμέτεροι7</span> <span class='ocrx_word' id='word_1_15' title='bbox 1232 245 1359 296; x_wconf 85' lang='grc' dir='ltr'>δόγμα</span> <span class='ocrx_word' id='word_1_16' title='bbox 1392 245 1455 284; x_wconf 84' lang='grc' dir='ltr'>καὶ</span> <span class='ocrx_word' id='word_1_17' title='bbox 1487 245 1558 294; x_wconf 73' lang='grc' dir='ltr'>τὴν</span> 
     </span>
     <span class='ocr_line' id='line_1_8' title="bbox 234 311 1557 362; baseline 0.002 -11"><span class='ocrx_word' id='word_1_18' title='bbox 234 315 300 351; x_wconf 88' lang='grc' dir='ltr'>τοῦ</span> <span class='ocrx_word' id='word_1_19' title='bbox 336 313 589 362; x_wconf 70' lang='grc' dir='ltr'>δικαστηρίου</span> <span class='ocrx_word' id='word_1_20' title='bbox 627 314 769 362; x_wconf 70' lang='grc' dir='ltr'>ψῆφον</span> <span class='ocrx_word' id='word_1_21' title='bbox 806 311 869 351; x_wconf 85' lang='grc' dir='ltr'>καὶ</span> <span class='ocrx_word' id='word_1_22' title='bbox 905 312 995 353; x_wconf 85' lang='grc' dir='ltr'>τοὺς</span> <span class='ocrx_word' id='word_1_23' title='bbox 1031 311 1179 352; x_wconf 78' lang='grc' dir='ltr'>ἄλλους</span> <span class='ocrx_word' id='word_1_24' title='bbox 1215 311 1358 360; x_wconf 88' lang='grc' dir='ltr'>νόμους</span> <span class='ocrx_word' id='word_1_25' title='bbox 1394 311 1557 362; x_wconf 80' lang='grc' dir='ltr'>ἀκύρους</span> 
     </span>
     <span class='ocr_line' id='line_1_9' title="bbox 234 377 1554 428; baseline -0.002 -10"><span class='ocrx_word' id='word_1_26' title='bbox 234 380 356 418; x_wconf 84' lang='grc' dir='ltr'>οἴεται</span> <span class='ocrx_word' id='word_1_27' title='bbox 392 381 473 418; x_wconf 83' lang='grc' dir='ltr'>δεῖν</span> <span class='ocrx_word' id='word_1_28' title='bbox 510 377 622 421; x_wconf 80' lang='grc' dir='ltr'>εἶναι,</span> <span class='ocrx_word' id='word_1_29' title='bbox 660 379 777 418; x_wconf 80' lang='grc' dir='ltr'>αὑτὸν</span> <span class='ocrx_word' id='word_1_30' title='bbox 813 379 854 417; x_wconf 80' lang='grc' dir='ltr'>δὲ</span> <span class='ocrx_word' id='word_1_31' title='bbox 893 378 955 417; x_wconf 84' lang='grc' dir='ltr'>καὶ</span> <span class='ocrx_word' id='word_1_32' title='bbox 992 381 1059 417; x_wconf 87' lang='grc' dir='ltr'>τὸν</span> <span class='ocrx_word' id='word_1_33' title='bbox 1099 378 1215 416; x_wconf 82' lang='grc' dir='ltr'>αὑτοῦ</span> <span class='ocrx_word' id='word_1_34' title='bbox 1254 378 1375 427; x_wconf 86' lang='grc' dir='ltr'>νόμον</span> <span class='ocrx_word' id='word_1_35' title='bbox 1413 378 1554 428; x_wconf 81' lang='grc' dir='ltr'>κύριον.</span> 
     </span>
     <span class='ocr_line' id='line_1_10' title="bbox 234 443 1554 495; baseline -0.001 -11"><span class='ocrx_word' id='word_1_36' title='bbox 234 446 373 490; x_wconf 85' lang='grc' dir='ltr'>καίτοι,</span> <span class='ocrx_word' id='word_1_37' title='bbox 401 443 429 483; x_wconf 71' lang='grc' dir='ltr'><em>ὦ</em></span> <span class='ocrx_word' id='word_1_38' title='bbox 454 445 710 495; x_wconf 79' lang='grc' dir='ltr'>Τιμόκρατες,</span> <span class='ocrx_word' id='word_1_39' title='bbox 738 446 773 484; x_wconf 83' lang='grc' dir='ltr'>οἱ</span> <span class='ocrx_word' id='word_1_40' title='bbox 805 447 877 494; x_wconf 81' lang='grc' dir='ltr'>μὲν</span> <span class='ocrx_word' id='word_1_41' title='bbox 907 446 1017 485; x_wconf 81' lang='grc' dir='ltr'>ὄντες</span> <span class='ocrx_word' id='word_1_42' title='bbox 1050 444 1141 494; x_wconf 87' lang='grc' dir='ltr'>ἡμῖν</span> <span class='ocrx_word' id='word_1_43' title='bbox 1176 444 1298 494; x_wconf 80' lang='grc' dir='ltr'>κύριοι</span> <span class='ocrx_word' id='word_1_44' title='bbox 1328 444 1440 493; x_wconf 88' lang='grc' dir='ltr'>νόμοι</span> <span class='ocrx_word' id='word_1_45' title='bbox 1469 460 1554 484; x_wconf 88' lang='grc' dir='ltr'>του-</span> 
     </span>
     <span class='ocr_line' id='line_1_11' title="bbox 233 509 1554 561; baseline -0.001 -12"><span class='ocrx_word' id='word_1_46' title='bbox 233 511 346 550; x_wconf 84' lang='grc' dir='ltr'>τουσὶ</span> <span class='ocrx_word' id='word_1_47' title='bbox 376 513 535 550; x_wconf 89' lang='grc' dir='ltr'>ποιοῦσι</span> <span class='ocrx_word' id='word_1_48' title='bbox 569 511 720 561; x_wconf 75' lang='grc' dir='ltr'>κυρίους</span> <span class='ocrx_word' id='word_1_49' title='bbox 753 510 951 555; x_wconf 77' lang='grc' dir='ltr'>ἁπάντων,</span> <span class='ocrx_word' id='word_1_50' title='bbox 981 512 1042 550; x_wconf 86' lang='grc' dir='ltr'>καὶ</span> <span class='ocrx_word' id='word_1_51' title='bbox 1072 511 1251 550; x_wconf 85' lang='grc' dir='ltr'>διδόασιν</span> <span class='ocrx_word' id='word_1_52' title='bbox 1281 509 1410 551; x_wconf 80' lang='grc' dir='ltr'>αὐτοῖς</span> <span class='ocrx_word' id='word_1_53' title='bbox 1440 510 1554 549; x_wconf 91' lang='grc' dir='ltr'>ἀκού-</span> 
     </span>
     <span class='ocr_line' id='line_1_12' title="bbox 235 576 1557 631; baseline 0 -16"><span class='ocrx_word' id='word_1_54' title='bbox 235 594 371 622; x_wconf 82' lang='grc' dir='ltr'>σασιν,</span> <span class='ocrx_word' id='word_1_55' title='bbox 399 578 536 616; x_wconf 86' lang='grc' dir='ltr'>ὁποῖον</span> <span class='ocrx_word' id='word_1_56' title='bbox 568 576 616 616; x_wconf 81' lang='grc' dir='ltr'>ἀι</span> <span class='ocrx_word' id='word_1_57' title='bbox 649 594 685 615; x_wconf 88' lang='grc' dir='ltr'>τι</span> <span class='ocrx_word' id='word_1_58' title='bbox 719 577 907 627; x_wconf 73' lang='grc' dir='ltr'>νομίζωσι</span> <span class='ocrx_word' id='word_1_59' title='bbox 941 577 1147 626; x_wconf 88' lang='grc' dir='ltr'>τάδίκημα,</span> <span class='ocrx_word' id='word_1_60' title='bbox 1175 577 1332 631; x_wconf 79' lang='grc' dir='ltr'>τοιαύτη</span> <span class='ocrx_word' id='word_1_61' title='bbox 1364 576 1453 627; x_wconf 86' lang='grc' dir='ltr'>περὶ</span> <span class='ocrx_word' id='word_1_62' title='bbox 1488 579 1557 615; x_wconf 88' lang='grc' dir='ltr'>τοῦ</span> 
     </span>
     <span class='ocr_line' id='line_1_13' title="bbox 234 642 1556 699; baseline -0.001 -17"><span class='ocrx_word' id='word_1_63' title='bbox 234 643 461 693; x_wconf 85' lang='grc' dir='ltr'>ἠδικηκότος</span> <span class='ocrx_word' id='word_1_64' title='bbox 494 645 667 695; x_wconf 77' lang='grc' dir='ltr'>χρησθαι</span> <span class='ocrx_word' id='word_1_65' title='bbox 699 649 746 699; x_wconf 81' lang='grc' dir='ltr'>τῆ</span> <span class='ocrx_word' id='word_1_66' title='bbox 779 645 889 699; x_wconf 83' lang='grc' dir='ltr'>ὀργη,</span> <span class='ocrx_word' id='word_1_67' title='bbox 925 643 1026 694; x_wconf 82' lang='grc' dir='ltr'>μέγα</span> <span class='ocrx_word' id='word_1_68' title='bbox 1057 642 1226 698; x_wconf 80' lang='grc' dir='ltr'>μεγάλη,</span> <span class='ocrx_word' id='word_1_69' title='bbox 1257 642 1394 693; x_wconf 81' lang='grc' dir='ltr'>μικρὸν</span> <span class='ocrx_word' id='word_1_70' title='bbox 1426 647 1556 696; x_wconf 79' lang='grc' dir='ltr'>μικρᾷ.</span> 
     </span>
     <span class='ocr_line' id='line_1_14' title="bbox 234 707 1557 788; baseline 0 -40"><span class='ocrx_word' id='word_1_71' title='bbox 234 711 328 749; x_wconf 80' lang='grc' dir='ltr'>ὅταν</span> <span class='ocrx_word' id='word_1_72' title='bbox 357 711 431 761; x_wconf 79' lang='grc' dir='ltr'>γὰρ</span> <span class='ocrx_word' id='word_1_73' title='bbox 460 727 482 764; x_wconf 89' lang='grc' dir='ltr'>η</span> <span class='ocrx_word' id='word_1_74' title='bbox 517 711 564 748; x_wconf 76' lang='lat'>(¹3</span> <span class='ocrx_word' id='word_1_75' title='bbox 596 727 633 748; x_wconf 88' lang='grc' dir='ltr'>τι</span> <span class='ocrx_word' id='word_1_76' title='bbox 666 727 741 788; x_wconf 79' lang='grc' dir='ltr'>χρη</span> <span class='ocrx_word' id='word_1_77' title='bbox 774 712 914 749; x_wconf 85' lang='grc' dir='ltr'>παθεῖν</span> <span class='ocrx_word' id='word_1_78' title='bbox 950 707 969 757; x_wconf 71' lang='grc' dir='ltr'>ἦ</span> <span class='ocrx_word' id='word_1_79' title='bbox 1005 708 1241 753; x_wconf 82' lang='grc' dir='ltr'>αποτεῖσαι,’</span> <span class='ocrx_word' id='word_1_80' title='bbox 1267 707 1313 747; x_wconf 85' lang='grc' dir='ltr'>τὸ</span> <span class='ocrx_word' id='word_1_81' title='bbox 1344 711 1460 758; x_wconf 80' lang='grc' dir='ltr'>τιμᾶν</span> <span class='ocrx_word' id='word_1_82' title='bbox 1492 709 1557 748; x_wconf 87' lang='grc' dir='ltr'>ἐπὶ</span> 
     </span>
     <span class='ocr_line' id='line_1_15' title="bbox 234 774 1558 827; baseline -0.001 -12"><span class='ocrx_word' id='word_1_83' title='bbox 234 776 385 817; x_wconf 75' lang='grc' dir='ltr'>τούτοις</span> <span class='ocrx_word' id='word_1_84' title='bbox 411 778 599 827; x_wconf 85' lang='grc' dir='ltr'>γίγνεται.</span> <span class='ocrx_word' id='word_1_85' title='bbox 665 793 715 815; x_wconf 87' lang='grc' dir='ltr'>συ</span> <span class='ocrx_word' id='word_1_86' title='bbox 735 777 866 815; x_wconf 84' lang='grc' dir='ltr'>τοίιυν</span> <span class='ocrx_word' id='word_1_87' title='bbox 885 775 930 815; x_wconf 89' lang='grc' dir='ltr'>τὸ</span> <span class='ocrx_word' id='word_1_88' title='bbox 951 778 1090 815; x_wconf 88' lang='grc' dir='ltr'>παθεῖι</span> <span class='ocrx_word' id='word_1_89' title='bbox 1116 776 1298 827; x_wconf 80' lang='grc' dir='ltr'>ἀφαιρεῖς</span> <span class='ocrx_word' id='word_1_90' title='bbox 1318 774 1386 814; x_wconf 80' lang='grc' dir='ltr'>τὸν</span> <span class='ocrx_word' id='word_1_91' title='bbox 1411 774 1558 825; x_wconf 81' lang='grc' dir='ltr'>δεσμὸι7</span> 
     </span>
     <span class='ocr_line' id='line_1_16' title="bbox 234 841 1555 894; baseline 0 -12"><span class='ocrx_word' id='word_1_92' title='bbox 234 843 378 894; x_wconf 80' lang='grc' dir='ltr'>ἀφιείς·</span> <span class='ocrx_word' id='word_1_93' title='bbox 429 843 489 881; x_wconf 85' lang='grc' dir='ltr'>καὶ</span> <span class='ocrx_word' id='word_1_94' title='bbox 526 846 647 881; x_wconf 89' lang='grc' dir='ltr'>ταῦτα</span> <span class='ocrx_word' id='word_1_95' title='bbox 679 844 804 887; x_wconf 85' lang='grc' dir='ltr'>τίσιν,·</span> <span class='ocrx_word' id='word_1_96' title='bbox 854 845 937 883; x_wconf 85' lang='grc' dir='ltr'>τοῖς</span> <span class='ocrx_word' id='word_1_97' title='bbox 972 841 1170 886; x_wconf 81' lang='grc' dir='ltr'>κλέπταις,</span> <span class='ocrx_word' id='word_1_98' title='bbox 1205 845 1287 882; x_wconf 89' lang='grc' dir='ltr'>τοῖς</span> <span class='ocrx_word' id='word_1_99' title='bbox 1322 842 1555 892; x_wconf 79' lang='grc' dir='ltr'>ἱεροσύλοις,</span> 
     </span>
     <span class='ocr_line' id='line_1_17' title="bbox 234 908 1558 960; baseline 0 -12"><span class='ocrx_word' id='word_1_100' title='bbox 234 912 314 950; x_wconf 82' lang='grc' dir='ltr'>τοῖς</span> <span class='ocrx_word' id='word_1_101' title='bbox 339 910 609 960; x_wconf 89' lang='grc' dir='ltr'>πατραλοίαις,</span> <span class='ocrx_word' id='word_1_102' title='bbox 637 912 718 950; x_wconf 88' lang='grc' dir='ltr'>τοῖς</span> <span class='ocrx_word' id='word_1_103' title='bbox 743 909 1016 960; x_wconf 66' lang='grc' dir='ltr'>ἀνδροφόνοις,</span> <span class='ocrx_word' id='word_1_104' title='bbox 1045 911 1127 949; x_wconf 88' lang='grc' dir='ltr'>τοῖς</span> <span class='ocrx_word' id='word_1_105' title='bbox 1157 908 1448 958; x_wconf 78' lang='grc' dir='ltr'>ἀστρατεύτοις,</span> <span class='ocrx_word' id='word_1_106' title='bbox 1476 911 1558 948; x_wconf 84' lang='grc' dir='ltr'>τοῖς</span> 
     </span>
     <span class='ocr_line' id='line_1_18' title="bbox 233 972 1556 1028; baseline -0.002 -13"><span class='ocrx_word' id='word_1_107' title='bbox 233 979 397 1015; x_wconf 80' lang='grc' dir='ltr'>λιποῦσι</span> <span class='ocrx_word' id='word_1_108' title='bbox 427 977 496 1016; x_wconf 79' lang='grc' dir='ltr'>τὰς</span> <span class='ocrx_word' id='word_1_109' title='bbox 525 975 669 1025; x_wconf 78' lang='grc' dir='ltr'>τάξεις·</span> <span class='ocrx_word' id='word_1_110' title='bbox 707 976 865 1016; x_wconf 86' lang='grc' dir='ltr'>τούτους</span> <span class='ocrx_word' id='word_1_111' title='bbox 895 977 970 1026; x_wconf 81' lang='grc' dir='ltr'>γὰρ</span> <span class='ocrx_word' id='word_1_112' title='bbox 1000 974 1150 1015; x_wconf 76' lang='grc' dir='ltr'>πάντας</span> <span class='ocrx_word' id='word_1_113' title='bbox 1184 972 1320 1028; x_wconf 72' lang='grc' dir='ltr'>σῴζεις</span> <span class='ocrx_word' id='word_1_114' title='bbox 1353 978 1406 1028; x_wconf 74' lang='grc' dir='ltr'>τῷ</span> <span class='ocrx_word' id='word_1_115' title='bbox 1438 974 1556 1027; x_wconf 82' lang='grc' dir='ltr'>νόμῳ.</span> 
     </span>
     <span class='ocr_line' id='line_1_19' title="bbox 235 1040 1558 1094; baseline -0.001 -13"><span class='ocrx_word' id='word_1_116' title='bbox 235 1043 360 1082; x_wconf 86' lang='grc' dir='ltr'>καίτοι</span> <span class='ocrx_word' id='word_1_117' title='bbox 385 1043 496 1083; x_wconf 85' lang='grc' dir='ltr'>ὅστις</span> <span class='ocrx_word' id='word_1_118' title='bbox 521 1043 564 1082; x_wconf 89' lang='grc' dir='ltr'>ἐν</span> <span class='ocrx_word' id='word_1_119' title='bbox 590 1041 828 1094; x_wconf 74' lang='grc' dir='ltr'>δημοκρατίᾳ</span> <span class='ocrx_word' id='word_1_120' title='bbox 854 1044 1076 1091; x_wconf 82' lang='grc' dir='ltr'>νομοθετῶν</span> <span class='ocrx_word' id='word_1_121' title='bbox 1100 1040 1190 1091; x_wconf 86' lang='grc' dir='ltr'>μήθ’</span> <span class='ocrx_word' id='word_1_122' title='bbox 1217 1041 1312 1091; x_wconf 83' lang='grc' dir='ltr'>ὑπὲρ</span> <span class='ocrx_word' id='word_1_123' title='bbox 1337 1043 1414 1080; x_wconf 85' lang='grc' dir='ltr'>τῶν</span> <span class='ocrx_word' id='word_1_124' title='bbox 1444 1042 1558 1091; x_wconf 82' lang='grc' dir='ltr'>ἱερῶν</span> 
     </span>
     <span class='ocr_line' id='line_1_20' title="bbox 233 1106 1556 1160; baseline -0.001 -12"><span class='ocrx_word' id='word_1_125' title='bbox 233 1107 323 1158; x_wconf 79' lang='grc' dir='ltr'>μήθ’</span> <span class='ocrx_word' id='word_1_126' title='bbox 349 1110 445 1160; x_wconf 81' lang='grc' dir='ltr'>ὑπὲρ</span> <span class='ocrx_word' id='word_1_127' title='bbox 469 1111 535 1148; x_wconf 91' lang='grc' dir='ltr'>τοῦ</span> <span class='ocrx_word' id='word_1_128' title='bbox 560 1107 681 1157; x_wconf 83' lang='grc' dir='ltr'>δήμου</span> <span class='ocrx_word' id='word_1_129' title='bbox 705 1111 922 1158; x_wconf 87' lang='grc' dir='ltr'>νομοθετεῖ,</span> <span class='ocrx_word' id='word_1_130' title='bbox 950 1106 1042 1147; x_wconf 76' lang='grc' dir='ltr'>ἀλλ’</span> <span class='ocrx_word' id='word_1_131' title='bbox 1067 1108 1163 1158; x_wconf 81' lang='grc' dir='ltr'>ὑπὲρ</span> <span class='ocrx_word' id='word_1_132' title='bbox 1188 1108 1242 1146; x_wconf 82' lang='grc' dir='ltr'>ὧν</span> <span class='ocrx_word' id='word_1_133' title='bbox 1267 1106 1378 1147; x_wconf 76' lang='grc' dir='ltr'>εἶπον</span> <span class='ocrx_word' id='word_1_134' title='bbox 1403 1107 1556 1158; x_wconf 83' lang='grc' dir='ltr'>ἀρτίως,</span> 
     </span>
     <span class='ocr_line' id='line_1_21' title="bbox 237 1173 1558 1227; baseline -0.003 -12"><span class='ocrx_word' id='word_1_135' title='bbox 237 1179 316 1216; x_wconf 83' lang='grc' dir='ltr'>πῶς</span> <span class='ocrx_word' id='word_1_136' title='bbox 341 1175 386 1214; x_wconf 82' lang='grc' dir='ltr'>οὐ</span> <span class='ocrx_word' id='word_1_137' title='bbox 411 1176 557 1216; x_wconf 87' lang='grc' dir='ltr'>δίκαιός</span> <span class='ocrx_word' id='word_1_138' title='bbox 585 1177 671 1214; x_wconf 86' lang='grc' dir='ltr'>ἐστι</span> <span class='ocrx_word' id='word_1_139' title='bbox 700 1177 767 1223; x_wconf 83' lang='grc' dir='ltr'>τῆς</span> <span class='ocrx_word' id='word_1_140' title='bbox 797 1174 971 1227; x_wconf 73' lang='grc' dir='ltr'>ἐσχάτης</span> <span class='ocrx_word' id='word_1_141' title='bbox 1001 1174 1186 1225; x_wconf 84' lang='grc' dir='ltr'>τιμωρίας</span> <span class='ocrx_word' id='word_1_142' title='bbox 1215 1177 1369 1226; x_wconf 81' lang='grc' dir='ltr'>τυχεῖν,·</span> <span class='ocrx_word' id='word_1_143' title='bbox 1406 1173 1450 1212; x_wconf 81' lang='grc' dir='ltr'>οὐ</span> <span class='ocrx_word' id='word_1_144' title='bbox 1484 1174 1558 1224; x_wconf 81' lang='grc' dir='ltr'>γὰρ</span> 
     </span>
     <span class='ocr_line' id='line_1_22' title="bbox 234 1238 1559 1293; baseline -0.002 -12"><span class='ocrx_word' id='word_1_145' title='bbox 234 1242 279 1291; x_wconf 77' lang='grc' dir='ltr'>δὴ</span> <span class='ocrx_word' id='word_1_146' title='bbox 306 1244 389 1293; x_wconf 83' lang='grc' dir='ltr'>ἐρεῖ</span> <span class='ocrx_word' id='word_1_147' title='bbox 418 1241 455 1293; x_wconf 87' lang='grc' dir='ltr'>γ’</span> <span class='ocrx_word' id='word_1_148' title='bbox 483 1242 533 1283; x_wconf 82' lang='grc' dir='ltr'>ὡς</span> <span class='ocrx_word' id='word_1_149' title='bbox 562 1241 652 1282; x_wconf 81' lang='grc' dir='ltr'>τοὺς</span> <span class='ocrx_word' id='word_1_150' title='bbox 682 1241 879 1282; x_wconf 87' lang='grc' dir='ltr'>τοιούτους</span> <span class='ocrx_word' id='word_1_151' title='bbox 909 1240 954 1280; x_wconf 81' lang='grc' dir='ltr'>οὐ</span> <span class='ocrx_word' id='word_1_152' title='bbox 983 1241 1045 1280; x_wconf 84' lang='grc' dir='ltr'>καὶ</span> <span class='ocrx_word' id='word_1_153' title='bbox 1076 1238 1264 1291; x_wconf 88' lang='grc' dir='ltr'>προσήκει</span> <span class='ocrx_word' id='word_1_154' title='bbox 1299 1240 1360 1280; x_wconf 86' lang='grc' dir='ltr'>καὶ</span> <span class='ocrx_word' id='word_1_155' title='bbox 1385 1241 1420 1279; x_wconf 78' lang='grc' dir='ltr'>οἱ</span> <span class='ocrx_word' id='word_1_156' title='bbox 1447 1239 1559 1289; x_wconf 88' lang='grc' dir='ltr'>νόμοι</span> 
     </span>
     <span class='ocr_line' id='line_1_23' title="bbox 236 1305 1559 1359; baseline -0.001 -12"><span class='ocrx_word' id='word_1_157' title='bbox 236 1308 467 1349; x_wconf 80' lang='grc' dir='ltr'>κελεύουσιν</span> <span class='ocrx_word' id='word_1_158' title='bbox 492 1312 575 1349; x_wconf 88' lang='grc' dir='ltr'>ταῖς</span> <span class='ocrx_word' id='word_1_159' title='bbox 604 1308 811 1359; x_wconf 79' lang='grc' dir='ltr'>μεγίσταις</span> <span class='ocrx_word' id='word_1_160' title='bbox 841 1308 1043 1359; x_wconf 84' lang='grc' dir='ltr'>τιμωρίαις</span> <span class='ocrx_word' id='word_1_161' title='bbox 1074 1307 1236 1359; x_wconf 76' lang='grc' dir='ltr'>ἐνόχους</span> <span class='ocrx_word' id='word_1_162' title='bbox 1262 1307 1373 1351; x_wconf 80' lang='grc' dir='ltr'>εἶναι,</span> <span class='ocrx_word' id='word_1_163' title='bbox 1402 1305 1481 1345; x_wconf 85' lang='grc' dir='ltr'>οὐδ’</span> <span class='ocrx_word' id='word_1_164' title='bbox 1508 1305 1559 1347; x_wconf 84' lang='grc' dir='ltr'>ὡς</span> 
     </span>
     <span class='ocr_line' id='line_1_24' title="bbox 234 1372 1555 1426; baseline -0.002 -12"><span class='ocrx_word' id='word_1_165' title='bbox 234 1376 353 1420; x_wconf 80' lang='grc' dir='ltr'>οῦτοι,</span> <span class='ocrx_word' id='word_1_166' title='bbox 380 1377 476 1426; x_wconf 79' lang='grc' dir='ltr'>ὑπὲρ</span> <span class='ocrx_word' id='word_1_167' title='bbox 502 1376 554 1415; x_wconf 79' lang='grc' dir='ltr'>ὧν</span> <span class='ocrx_word' id='word_1_168' title='bbox 581 1376 717 1425; x_wconf 80' lang='grc' dir='ltr'>εὕρηκε</span> <span class='ocrx_word' id='word_1_169' title='bbox 742 1374 810 1414; x_wconf 85' lang='grc' dir='ltr'>τὸν</span> <span class='ocrx_word' id='word_1_170' title='bbox 837 1375 970 1423; x_wconf 87' lang='grc' dir='ltr'>νόμον,</span> <span class='ocrx_word' id='word_1_171' title='bbox 1000 1373 1043 1412; x_wconf 80' lang='grc' dir='ltr'>οὐ</span> <span class='ocrx_word' id='word_1_172' title='bbox 1072 1373 1135 1412; x_wconf 82' lang='grc' dir='ltr'>καὶ</span> <span class='ocrx_word' id='word_1_173' title='bbox 1166 1372 1332 1412; x_wconf 81' lang='grc' dir='ltr'>κλέπται</span> <span class='ocrx_word' id='word_1_174' title='bbox 1364 1373 1426 1412; x_wconf 86' lang='grc' dir='ltr'>καὶ</span> <span class='ocrx_word' id='word_1_175' title='bbox 1458 1373 1555 1423; x_wconf 81' lang='grc' dir='ltr'>ἱερό-</span> 
     </span>
     <span class='ocr_line' id='line_1_25' title="bbox 235 1439 1561 1491; baseline -0.002 -9"><span class='ocrx_word' id='word_1_176' title='bbox 235 1443 355 1482; x_wconf 89' lang='grc' dir='ltr'>συλοί</span> <span class='ocrx_word' id='word_1_177' title='bbox 390 1443 503 1485; x_wconf 83' lang='grc' dir='ltr'>εἰσιν,</span> <span class='ocrx_word' id='word_1_178' title='bbox 540 1443 587 1481; x_wconf 77' lang='grc' dir='ltr'>τὰ</span> <span class='ocrx_word' id='word_1_179' title='bbox 622 1443 696 1491; x_wconf 78' lang='grc' dir='ltr'>μὲν</span> <span class='ocrx_word' id='word_1_180' title='bbox 733 1440 828 1491; x_wconf 83' lang='grc' dir='ltr'>ἱερά,</span> <span class='ocrx_word' id='word_1_181' title='bbox 864 1442 932 1481; x_wconf 80' lang='grc' dir='ltr'>τὰς</span> <span class='ocrx_word' id='word_1_182' title='bbox 968 1439 1131 1481; x_wconf 82' lang='grc' dir='ltr'>δεκάτας</span> <span class='ocrx_word' id='word_1_183' title='bbox 1164 1442 1232 1489; x_wconf 79' lang='grc' dir='ltr'>τῆς</span> <span class='ocrx_word' id='word_1_184' title='bbox 1270 1442 1359 1480; x_wconf 84' lang='grc' dir='ltr'>θεοῦ</span> <span class='ocrx_word' id='word_1_185' title='bbox 1396 1440 1458 1479; x_wconf 79' lang='grc' dir='ltr'>καὶ</span> <span class='ocrx_word' id='word_1_186' title='bbox 1491 1441 1561 1480; x_wconf 78' lang='grc' dir='ltr'>τὰς</span> 
     </span>
    </p>
   </div>
   <div class='ocr_carea' id='block_1_8' title="bbox 236 1506 1596 1558">
    <p class='ocr_par' dir='ltr' id='par_1_8' title="bbox 236 1506 1596 1558">
     <span class='ocr_line' id='line_1_26' title="bbox 236 1506 1596 1558; baseline -0.005 -9"><span class='ocrx_word' id='word_1_187' title='bbox 236 1511 506 1558; x_wconf 73' lang='grc' dir='ltr'>πεντηκοστὰς</span> <span class='ocrx_word' id='word_1_188' title='bbox 538 1512 616 1547; x_wconf 78' lang='grc' dir='ltr'>τῶν</span> <span class='ocrx_word' id='word_1_189' title='bbox 652 1507 789 1547; x_wconf 76' lang='grc' dir='ltr'>ἄλλων</span> <span class='ocrx_word' id='word_1_190' title='bbox 823 1509 935 1552; x_wconf 80' lang='grc' dir='ltr'>θεῶν,</span> <span class='ocrx_word' id='word_1_191' title='bbox 972 1507 1240 1556; x_wconf 84' lang='grc' dir='ltr'>σεσυληκότες</span> <span class='ocrx_word' id='word_1_192' title='bbox 1277 1507 1340 1545; x_wconf 81' lang='grc' dir='ltr'>καὶ</span> <span class='ocrx_word' id='word_1_193' title='bbox 1373 1506 1460 1545; x_wconf 80' lang='grc' dir='ltr'>ἀντὶ</span> <span class='ocrx_word' id='word_1_194' title='bbox 1492 1508 1561 1545; x_wconf 81' lang='grc' dir='ltr'>τοῦ</span> <span class='ocrx_word' id='word_1_195' title='bbox 1584 1521 1596 1542; x_wconf 68' lang='lat'><em>2</em></span> 
     </span>
    </p>
   </div>
   <div class='ocr_carea' id='block_1_9' title="bbox 910 1573 991 1586">
    <p class='ocr_par' dir='ltr' id='par_1_9' title="bbox 910 1573 991 1586">
     <span class='ocr_line' id='line_1_27' title="bbox 910 1573 991 1586; baseline 0 -1"><span class='ocrx_word' id='word_1_196' title='bbox 910 1573 940 1586; x_wconf 53' lang='grc' dir='ltr'>Α,</span> <span class='ocrx_word' id='word_1_197' title='bbox 975 1574 991 1585; x_wconf 62' lang='grc' dir='ltr'>ΡΙ</span> 
     </span>
    </p>
   </div>
   <div class='ocr_carea' id='block_1_10' title="bbox 235 1572 1562 2160">
    <p class='ocr_par' dir='ltr' id='par_1_10' title="bbox 235 1572 1562 2160">
     <span class='ocr_line' id='line_1_28' title="bbox 235 1572 1558 1627; baseline -0.003 -12"><span class='ocrx_word' id='word_1_198' title='bbox 235 1576 448 1616; x_wconf 88' lang='grc' dir='ltr'>ἀποδοῦναι</span> <span class='ocrx_word' id='word_1_199' title='bbox 481 1575 591 1615; x_wconf 82' lang='grc' dir='ltr'>αὐτοὶ</span> <span class='ocrx_word' id='word_1_200' title='bbox 626 1575 798 1627; x_wconf 78' lang='grc' dir='ltr'>ἔχοντες,</span> <span class='ocrx_word' id='word_1_201' title='bbox 825 1575 874 1613; x_wconf 82' lang='grc' dir='ltr'>τὰ</span> <span class='ocrx_word' id='word_1_202' title='bbox 907 1585 926 1613; x_wconf 85' lang='lat'><em>0</em></span> <span class='ocrx_word' id='word_1_203' title='bbox 970 1590 1076 1619; x_wconf 90' lang='grc' dir='ltr'>οσια,</span> <span class='ocrx_word' id='word_1_204' title='bbox 1111 1574 1135 1612; x_wconf 74' lang='grc' dir='ltr'>ἃ</span> <span class='ocrx_word' id='word_1_205' title='bbox 1168 1573 1347 1624; x_wconf 90' lang='grc' dir='ltr'>ἐγίγνετο</span> <span class='ocrx_word' id='word_1_206' title='bbox 1379 1572 1558 1623; x_wconf 86' lang='grc' dir='ltr'>ὑμέτερα,</span> 
     </span>
     <span class='ocr_line' id='line_1_29' title="bbox 237 1639 1561 1694; baseline -0.003 -12"><span class='ocrx_word' id='word_1_207' title='bbox 237 1643 491 1694; x_wconf 84' lang='grc' dir='ltr'>κεκλοφότες.</span> <span class='ocrx_word' id='word_1_208' title='bbox 563 1641 741 1693; x_wconf 83' lang='grc' dir='ltr'>διαφέρει</span> <span class='ocrx_word' id='word_1_209' title='bbox 766 1643 808 1681; x_wconf 83' lang='grc' dir='ltr'>δὲ</span> <span class='ocrx_word' id='word_1_210' title='bbox 834 1643 1026 1680; x_wconf 85' lang='grc' dir='ltr'>τοσοῦτον</span> <span class='ocrx_word' id='word_1_211' title='bbox 1051 1639 1178 1679; x_wconf 80' lang='grc' dir='ltr'>αὐτῶν</span> <span class='ocrx_word' id='word_1_212' title='bbox 1204 1640 1225 1689; x_wconf 86' lang='grc' dir='ltr'>ἡ</span> <span class='ocrx_word' id='word_1_213' title='bbox 1252 1640 1458 1690; x_wconf 82' lang='grc' dir='ltr'>ἱεροσυλία</span> <span class='ocrx_word' id='word_1_214' title='bbox 1482 1643 1561 1678; x_wconf 83' lang='grc' dir='ltr'>τῶν</span> 
     </span>
     <span class='ocr_line' id='line_1_30' title="bbox 235 1706 1559 1762; baseline -0.003 -13"><span class='ocrx_word' id='word_1_215' title='bbox 235 1709 384 1753; x_wconf 78' lang='grc' dir='ltr'>ἄλλων,</span> <span class='ocrx_word' id='word_1_216' title='bbox 420 1710 481 1748; x_wconf 82' lang='grc' dir='ltr'>ὅτι</span> <span class='ocrx_word' id='word_1_217' title='bbox 513 1708 584 1757; x_wconf 78' lang='grc' dir='ltr'>τὴν</span> <span class='ocrx_word' id='word_1_218' title='bbox 618 1707 745 1762; x_wconf 74' lang='grc' dir='ltr'>ἀρχὴν</span> <span class='ocrx_word' id='word_1_219' title='bbox 778 1707 856 1747; x_wconf 84' lang='grc' dir='ltr'>οὐδ’</span> <span class='ocrx_word' id='word_1_220' title='bbox 883 1706 1104 1758; x_wconf 81' lang='grc' dir='ltr'>ἀνήνεγκαν</span> <span class='ocrx_word' id='word_1_221' title='bbox 1138 1708 1192 1748; x_wconf 81' lang='grc' dir='ltr'>εἰς</span> <span class='ocrx_word' id='word_1_222' title='bbox 1225 1706 1296 1755; x_wconf 76' lang='grc' dir='ltr'>τὴν</span> <span class='ocrx_word' id='word_1_223' title='bbox 1329 1706 1559 1757; x_wconf 84' lang='grc' dir='ltr'>ἀκρόπολιν,</span> 
     </span>
     <span class='ocr_line' id='line_1_31' title="bbox 236 1770 1561 1825; baseline -0.003 -9"><span class='ocrx_word' id='word_1_224' title='bbox 236 1775 326 1816; x_wconf 83' lang='grc' dir='ltr'>δέον</span> <span class='ocrx_word' id='word_1_225' title='bbox 368 1776 517 1817; x_wconf 85' lang='grc' dir='ltr'>αὐτούς.</span> <span class='ocrx_word' id='word_1_226' title='bbox 592 1774 700 1825; x_wconf 78' lang='grc' dir='ltr'>οἶμαι</span> <span class='ocrx_word' id='word_1_227' title='bbox 741 1773 797 1819; x_wconf 83' lang='grc' dir='ltr'>δέ,</span> <span class='ocrx_word' id='word_1_228' title='bbox 838 1774 882 1823; x_wconf 78' lang='grc' dir='ltr'>νὴ</span> <span class='ocrx_word' id='word_1_229' title='bbox 926 1774 994 1813; x_wconf 77' lang='grc' dir='ltr'>τὸν</span> <span class='ocrx_word' id='word_1_230' title='bbox 1034 1774 1112 1813; x_wconf 77' lang='grc' dir='ltr'>Δία</span> <span class='ocrx_word' id='word_1_231' title='bbox 1150 1776 1218 1813; x_wconf 80' lang='grc' dir='ltr'>τὸν</span> <span class='ocrx_word' id='word_1_232' title='bbox 1256 1772 1490 1823; x_wconf 78' lang='grc' dir='ltr'>Ὀλύμπιον,</span> <span class='ocrx_word' id='word_1_233' title='bbox 1532 1770 1561 1812; x_wconf 71' lang='grc' dir='ltr'><em>ὦ</em></span> 
     </span>
     <span class='ocr_line' id='line_1_32' title="bbox 235 1839 1562 1894; baseline -0.003 -12"><span class='ocrx_word' id='word_1_234' title='bbox 235 1843 372 1894; x_wconf 80' lang='grc' dir='ltr'>ἄνδρες</span> <span class='ocrx_word' id='word_1_235' title='bbox 408 1843 603 1887; x_wconf 87' lang='grc' dir='ltr'>δικασταί,</span> <span class='ocrx_word' id='word_1_236' title='bbox 640 1841 708 1881; x_wconf 79' lang='grc' dir='ltr'>οὐκ</span> <span class='ocrx_word' id='word_1_237' title='bbox 745 1842 821 1881; x_wconf 82' lang='grc' dir='ltr'>ἀπὸ</span> <span class='ocrx_word' id='word_1_238' title='bbox 858 1839 1101 1890; x_wconf 75' lang='grc' dir='ltr'>ταύτομάτου</span> <span class='ocrx_word' id='word_1_239' title='bbox 1137 1839 1207 1889; x_wconf 71' lang='grc' dir='ltr'>τὴν</span> <span class='ocrx_word' id='word_1_240' title='bbox 1244 1841 1362 1890; x_wconf 75' lang='grc' dir='ltr'>ὕβριν</span> <span class='ocrx_word' id='word_1_241' title='bbox 1397 1840 1458 1879; x_wconf 84' lang='grc' dir='ltr'>καὶ</span> <span class='ocrx_word' id='word_1_242' title='bbox 1490 1839 1562 1888; x_wconf 77' lang='grc' dir='ltr'>τὴν</span> 
     </span>
     <span class='ocr_line' id='line_1_33' title="bbox 236 1906 1558 1961; baseline -0.004 -12"><span class='ocrx_word' id='word_1_243' title='bbox 236 1911 510 1961; x_wconf 82' lang='grc' dir='ltr'>ὑπερηφανίαν</span> <span class='ocrx_word' id='word_1_244' title='bbox 537 1911 720 1949; x_wconf 80' lang='grc' dir='ltr'>ἐπελθεῖν</span> <span class='ocrx_word' id='word_1_245' title='bbox 745 1908 1012 1959; x_wconf 84' lang='grc' dir='ltr'>Ἀνδροτίωνι,</span> <span class='ocrx_word' id='word_1_246' title='bbox 1040 1906 1133 1946; x_wconf 83' lang='grc' dir='ltr'>ἀλλ’</span> <span class='ocrx_word' id='word_1_247' title='bbox 1158 1907 1234 1946; x_wconf 79' lang='grc' dir='ltr'>ὑπὸ</span> <span class='ocrx_word' id='word_1_248' title='bbox 1258 1909 1326 1956; x_wconf 84' lang='grc' dir='ltr'>τῆς</span> <span class='ocrx_word' id='word_1_249' title='bbox 1357 1909 1446 1946; x_wconf 89' lang='grc' dir='ltr'>θεοῦ</span> <span class='ocrx_word' id='word_1_250' title='bbox 1475 1907 1558 1945; x_wconf 91' lang='grc' dir='ltr'>ἐπι-</span> 
     </span>
     <span class='ocr_line' id='line_1_34' title="bbox 237 1972 1559 2029; baseline -0.004 -13"><span class='ocrx_word' id='word_1_251' title='bbox 237 1979 503 2029; x_wconf 84' lang='grc' dir='ltr'>πεμφθεῖσαν,</span> <span class='ocrx_word' id='word_1_252' title='bbox 531 1975 592 2021; x_wconf 81' lang='grc' dir='ltr'>ἵν’,</span> <span class='ocrx_word' id='word_1_253' title='bbox 619 1976 754 2026; x_wconf 82' lang='grc' dir='ltr'>ὥσπερ</span> <span class='ocrx_word' id='word_1_254' title='bbox 780 1976 816 2015; x_wconf 81' lang='grc' dir='ltr'>οἱ</span> <span class='ocrx_word' id='word_1_255' title='bbox 841 1976 888 2013; x_wconf 77' lang='grc' dir='ltr'>τὰ</span> <span class='ocrx_word' id='word_1_256' title='bbox 914 1973 1135 2025; x_wconf 81' lang='grc' dir='ltr'>ἀκρωτήρια</span> <span class='ocrx_word' id='word_1_257' title='bbox 1159 1976 1227 2023; x_wconf 84' lang='grc' dir='ltr'>τῆς</span> <span class='ocrx_word' id='word_1_258' title='bbox 1253 1973 1379 2022; x_wconf 84' lang='grc' dir='ltr'>Νίκης</span> <span class='ocrx_word' id='word_1_259' title='bbox 1404 1972 1559 2023; x_wconf 80' lang='grc' dir='ltr'>περικό-</span> 
     </span>
     <span class='ocr_line' id='line_1_35' title="bbox 236 2038 1561 2095; baseline -0.004 -13"><span class='ocrx_word' id='word_1_260' title='bbox 236 2047 387 2095; x_wconf 78' lang='grc' dir='ltr'>ψαντες</span> <span class='ocrx_word' id='word_1_261' title='bbox 421 2042 617 2083; x_wconf 78' lang='grc' dir='ltr'>ἀπώλοντ’</span> <span class='ocrx_word' id='word_1_262' title='bbox 652 2041 762 2081; x_wconf 78' lang='grc' dir='ltr'>αὐτοὶ</span> <span class='ocrx_word' id='word_1_263' title='bbox 795 2041 865 2093; x_wconf 74' lang='grc' dir='ltr'>ὑφ’</span> <span class='ocrx_word' id='word_1_264' title='bbox 899 2042 1038 2085; x_wconf 78' lang='grc' dir='ltr'>αὐτῶν,</span> <span class='ocrx_word' id='word_1_265' title='bbox 1074 2042 1172 2080; x_wconf 81' lang='grc' dir='ltr'>οὕτω</span> <span class='ocrx_word' id='word_1_266' title='bbox 1212 2041 1273 2080; x_wconf 84' lang='grc' dir='ltr'>καὶ</span> <span class='ocrx_word' id='word_1_267' title='bbox 1311 2039 1418 2078; x_wconf 74' lang='grc' dir='ltr'>οὗτοι</span> <span class='ocrx_word' id='word_1_268' title='bbox 1453 2038 1561 2078; x_wconf 80' lang='grc' dir='ltr'>αὐτοὶ</span> 
     </span>
     <span class='ocr_line' id='line_1_36' title="bbox 237 2106 1562 2160; baseline -0.004 -11"><span class='ocrx_word' id='word_1_269' title='bbox 237 2110 368 2150; x_wconf 83' lang='grc' dir='ltr'>αὐτοῖς</span> <span class='ocrx_word' id='word_1_270' title='bbox 405 2110 648 2159; x_wconf 74' lang='grc' dir='ltr'>δικαζόμενοι</span> <span class='ocrx_word' id='word_1_271' title='bbox 685 2109 916 2154; x_wconf 83' lang='grc' dir='ltr'>ἀπόλοιντο,</span> <span class='ocrx_word' id='word_1_272' title='bbox 957 2108 1018 2147; x_wconf 79' lang='grc' dir='ltr'>καὶ</span> <span class='ocrx_word' id='word_1_273' title='bbox 1055 2109 1102 2146; x_wconf 75' lang='grc' dir='ltr'>τὰ</span> <span class='ocrx_word' id='word_1_274' title='bbox 1137 2106 1319 2160; x_wconf 81' lang='grc' dir='ltr'>χρήματα</span> <span class='ocrx_word' id='word_1_275' title='bbox 1358 2108 1562 2145; x_wconf 80' lang='grc' dir='ltr'>καταθεῖεν</span> 
     </span>
    </p>
   </div>
   <div class='ocr_carea' id='block_1_11' title="bbox 237 2171 1125 2224">
    <p class='ocr_par' dir='ltr' id='par_1_11' title="bbox 237 2171 1125 2224">
     <span class='ocr_line' id='line_1_37' title="bbox 237 2171 1125 2224; baseline -0.001 -9"><span class='ocrx_word' id='word_1_276' title='bbox 237 2175 487 2216; x_wconf 78' lang='grc' dir='ltr'>δεκαπλάσια</span> <span class='ocrx_word' id='word_1_277' title='bbox 514 2177 610 2214; x_wconf 78' lang='grc' dir='ltr'>κατὰ</span> <span class='ocrx_word' id='word_1_278' title='bbox 635 2175 724 2216; x_wconf 76' lang='grc' dir='ltr'>τοὺς</span> <span class='ocrx_word' id='word_1_279' title='bbox 751 2176 892 2224; x_wconf 85' lang='grc' dir='ltr'>νόμους</span> <span class='ocrx_word' id='word_1_280' title='bbox 919 2171 939 2223; x_wconf 79' lang='grc' dir='ltr'>ἦ</span> <span class='ocrx_word' id='word_1_281' title='bbox 966 2177 1125 2214; x_wconf 83' lang='grc' dir='ltr'>δεθεῖεν.</span> 
     </span>
    </p>
   </div>
   <div class='ocr_carea' id='block_1_12' title="bbox 281 2280 1559 2324">
    <p class='ocr_par' dir='ltr' id='par_1_12' title="bbox 281 2280 1559 2324">
     <span class='ocr_line' id='line_1_38' title="bbox 281 2280 1559 2324; baseline -0.005 -7"><span class='ocrx_word' id='word_1_282' title='bbox 281 2297 299 2323; x_wconf 81' lang='lat'><strong>4</strong></span> <span class='ocrx_word' id='word_1_283' title='bbox 323 2285 383 2324; x_wconf 86' lang='grc' dir='ltr'>μὲν</span> <span class='ocrx_word' id='word_1_284' title='bbox 400 2283 505 2323; x_wconf 80' lang='grc' dir='ltr'>ὄντες,</span> <span class='ocrx_word' id='word_1_285' title='bbox 524 2283 792 2324; x_wconf 69' lang='grc' dir='ltr'>μενοντεςΡγρ.</span> <span class='ocrx_word' id='word_1_286' title='bbox 808 2284 848 2314; x_wconf 83' lang='lat' dir='ltr'>cf.</span> <span class='ocrx_word' id='word_1_287' title='bbox 872 2289 886 2321; x_wconf 63' lang='grc' dir='ltr'>ξ</span> <span class='ocrx_word' id='word_1_288' title='bbox 911 2293 972 2322; x_wconf 84' lang='lat'>149</span> <span class='ocrx_word' id='word_1_289' title='bbox 1083 2285 1102 2313; x_wconf 89' lang='grc'><strong>8</strong></span> <span class='ocrx_word' id='word_1_290' title='bbox 1129 2284 1192 2314; x_wconf 78' lang='grc' dir='ltr'>ὅτι</span> <span class='ocrx_word' id='word_1_291' title='bbox 1211 2283 1295 2313; x_wconf 82' lang='lat' dir='ltr'>SF:</span> <span class='ocrx_word' id='word_1_292' title='bbox 1320 2284 1358 2314; x_wconf 83' lang='grc' dir='ltr'>τὸ</span> <span class='ocrx_word' id='word_1_293' title='bbox 1374 2280 1559 2313; x_wconf 75' lang='grc' dir='ltr'><strong>τῖΛΥΟε</strong></span> 
     </span>
    </p>
   </div>
   <div class='ocr_carea' id='block_1_13' title="bbox 237 2325 1562 2452">
    <p class='ocr_par' dir='ltr' id='par_1_13' title="bbox 237 2325 1562 2452">
     <span class='ocr_line' id='line_1_39' title="bbox 237 2325 1560 2360; baseline -0.004 0"><span class='ocrx_word' id='word_1_294' title='bbox 237 2330 276 2360; x_wconf 80' lang='grc' dir='ltr'>τὸ</span> <span class='ocrx_word' id='word_1_295' title='bbox 293 2329 308 2360; x_wconf 85' lang='grc' dir='ltr'>ὅ</span> <span class='ocrx_word' id='word_1_296' title='bbox 327 2342 359 2359; x_wconf 87' lang='grc' dir='ltr'>τι</span> <span class='ocrx_word' id='word_1_297' title='bbox 382 2328 516 2358; x_wconf 72' lang='lat' dir='ltr'>Dobrce</span> <span class='ocrx_word' id='word_1_298' title='bbox 648 2329 685 2357; x_wconf 81' lang='grc' dir='ltr'>τὸ</span> <span class='ocrx_word' id='word_1_299' title='bbox 703 2338 766 2357; x_wconf 84' lang='lat' dir='ltr'>om.</span> <span class='ocrx_word' id='word_1_300' title='bbox 788 2326 824 2357; x_wconf 68' lang='lat' dir='ltr'>S¹</span> <span class='ocrx_word' id='word_1_301' title='bbox 993 2337 1030 2356; x_wconf 84' lang='lat'>12</span> <span class='ocrx_word' id='word_1_302' title='bbox 1059 2329 1189 2358; x_wconf 80' lang='grc' dir='ltr'>λιποῦσι</span> <span class='ocrx_word' id='word_1_303' title='bbox 1207 2327 1236 2355; x_wconf 87' lang='grc' dir='ltr'>Α</span> <span class='ocrx_word' id='word_1_304' title='bbox 1250 2326 1279 2355; x_wconf 85' lang='lat' dir='ltr'><strong>Y</strong></span> <span class='ocrx_word' id='word_1_305' title='bbox 1292 2325 1341 2356; x_wconf 90' lang='lat' dir='ltr'>O:</span> <span class='ocrx_word' id='word_1_306' title='bbox 1372 2325 1517 2356; x_wconf 78' lang='grc' dir='ltr'>λείπουσι</span> <span class='ocrx_word' id='word_1_307' title='bbox 1536 2326 1560 2354; x_wconf 67' lang='grc' dir='ltr'>ὃ</span> 
     </span>
     <span class='ocr_line' id='line_1_40' title="bbox 239 2369 1560 2411; baseline -0.003 -10"><span class='ocrx_word' id='word_1_308' title='bbox 239 2382 290 2400; x_wconf 78' lang='lat' dir='ltr'>mc</span> <span class='ocrx_word' id='word_1_309' title='bbox 315 2373 418 2405; x_wconf 42' lang='lat' dir='ltr'>teste}</span> <span class='ocrx_word' id='word_1_310' title='bbox 446 2372 488 2400; x_wconf 83' lang='lat' dir='ltr'>al.</span> <span class='ocrx_word' id='word_1_311' title='bbox 660 2372 696 2399; x_wconf 86' lang='lat'>18</span> <span class='ocrx_word' id='word_1_312' title='bbox 730 2372 840 2410; x_wconf 78' lang='grc' dir='ltr'>εὕρηκε</span> <span class='ocrx_word' id='word_1_313' title='bbox 867 2370 928 2399; x_wconf 74' lang='lat' dir='ltr'>SF</span> <span class='ocrx_word' id='word_1_314' title='bbox 950 2383 1001 2411; x_wconf 80' lang='grc' dir='ltr'>γρ.</span> <span class='ocrx_word' id='word_1_315' title='bbox 1022 2382 1028 2400; x_wconf 76' lang='lat' dir='ltr'>t</span> <span class='ocrx_word' id='word_1_316' title='bbox 1061 2372 1166 2410; x_wconf 70' lang='grc' dir='ltr'>εἴρηκε</span> <span class='ocrx_word' id='word_1_317' title='bbox 1190 2374 1266 2399; x_wconf 86' lang='lat' dir='ltr'>cett.</span> <span class='ocrx_word' id='word_1_318' title='bbox 1438 2378 1479 2406; x_wconf 83' lang='lat'>23</span> <span class='ocrx_word' id='word_1_319' title='bbox 1511 2369 1560 2399; x_wconf 78' lang='grc' dir='ltr'>ὅτι</span> 
     </span>
     <span class='ocr_line' id='line_1_41' title="bbox 238 2410 1562 2452; baseline -0.002 -8"><span class='ocrx_word' id='word_1_320' title='bbox 238 2415 355 2445; x_wconf 69' lang='lat' dir='ltr'>codd:</span> <span class='ocrx_word' id='word_1_321' title='bbox 387 2416 464 2446; x_wconf 82' lang='grc' dir='ltr'>ὅσοι·</span> <span class='ocrx_word' id='word_1_322' title='bbox 489 2413 702 2444; x_wconf 81' lang='lat' dir='ltr'>Minucianus</span> <span class='ocrx_word' id='word_1_323' title='bbox 729 2414 868 2445; x_wconf 73' lang='lat' dir='ltr'>R11.(;r,</span> <span class='ocrx_word' id='word_1_324' title='bbox 889 2414 920 2443; x_wconf 77' lang='lat' dir='ltr'>ix</span> <span class='ocrx_word' id='word_1_325' title='bbox 937 2414 999 2450; x_wconf 89' lang='lat'>607</span> <span class='ocrx_word' id='word_1_326' title='bbox 1120 2413 1181 2450; x_wconf 75' lang='grc' dir='ltr'>τὴν</span> <span class='ocrx_word' id='word_1_327' title='bbox 1206 2414 1309 2452; x_wconf 82' lang='grc' dir='ltr'>ἀρχὴν</span> <span class='ocrx_word' id='word_1_328' title='bbox 1334 2416 1410 2451; x_wconf 82' lang='lat' dir='ltr'>post</span> <span class='ocrx_word' id='word_1_329' title='bbox 1435 2411 1507 2442; x_wconf 78' lang='grc' dir='ltr'>οὐδὲ</span> <span class='ocrx_word' id='word_1_330' title='bbox 1532 2410 1562 2440; x_wconf 87' lang='grc' dir='ltr'>Α</span> 
     </span>
    </p>
   </div>
   <div class='ocr_carea' id='block_1_14' title="bbox 239 2455 1444 2498">
    <p class='ocr_par' dir='ltr' id='par_1_14' title="bbox 239 2455 1444 2498">
     <span class='ocr_line' id='line_1_42' title="bbox 239 2455 1444 2498; baseline -0.002 -11"><span class='ocrx_word' id='word_1_331' title='bbox 239 2468 281 2498; x_wconf 78' lang='lat'>29</span> <span class='ocrx_word' id='word_1_332' title='bbox 304 2460 423 2497; x_wconf 45' lang='grc' dir='ltr'>αὑτοῖς,</span> <span class='ocrx_word' id='word_1_333' title='bbox 444 2460 478 2488; x_wconf 87' lang='grc' dir='ltr'>ἐν</span> <span class='ocrx_word' id='word_1_334' title='bbox 495 2459 619 2488; x_wconf 78' lang='grc' dir='ltr'>ἑαυτοῖς</span> <span class='ocrx_word' id='word_1_335' title='bbox 637 2457 667 2486; x_wconf 81' lang='grc' dir='ltr'>Α</span> <span class='ocrx_word' id='word_1_336' title='bbox 757 2456 954 2496; x_wconf 68' lang='grc' dir='ltr'>δικαζόμενοι</span> <span class='ocrx_word' id='word_1_337' title='bbox 973 2458 996 2486; x_wconf 76' lang='lat' dir='ltr'>S</span> <span class='ocrx_word' id='word_1_338' title='bbox 1011 2456 1039 2486; x_wconf 81' lang='lat' dir='ltr'>Y</span> <span class='ocrx_word' id='word_1_339' title='bbox 1057 2468 1063 2486; x_wconf 72' lang='grc' dir='ltr'>ι</span> <span class='ocrx_word' id='word_1_340' title='bbox 1088 2456 1337 2495; x_wconf 70' lang='grc' dir='ltr'>διαδικαζόμενοι</span> <span class='ocrx_word' id='word_1_341' title='bbox 1356 2455 1386 2484; x_wconf 88' lang='grc' dir='ltr'>Α</span> <span class='ocrx_word' id='word_1_342' title='bbox 1403 2455 1444 2485; x_wconf 82' lang='lat' dir='ltr'>al.</span> 
     </span>
    </p>
   </div>
   <div class='ocr_carea' id='block_1_15' title="bbox 1583 859 1618 880">
    <p class='ocr_par' dir='ltr' id='par_1_15' title="bbox 1583 859 1618 880">
     <span class='ocr_line' id='line_1_43' title="bbox 1583 859 1618 880; baseline -0.029 0"><span class='ocrx_word' id='word_1_343' title='bbox 1583 859 1618 880; x_wconf 85' lang='lat'>10</span> 
     </span>
    </p>
   </div>
  </div>
 </body>
</html>
