1737 2734
118 935 135 966 5

98 1204 136 1225 10

90 2020 127 2052 25

754 380 894 418 XXIV

497 505 660 546 ΚΑΤΑ
709 501 1151 549 ΤΙΜΟΚΡΑΤΟΤΣ

598 632 795 660 ΛῙΒΑΝΙΟΤ
825 631 1044 661 ΎΠΟΘΕΣῙΣ-

215 704 398 754 Διόδωρος
427 706 494 753 μὲν
524 705 694 743 κάνταῦθ’
723 707 743 743 ὁ
774 706 987 756 κατήγορος·
1025 707 1222 757 κατηγορεῖ
1251 704 1342 755 <δὲ>
1375 706 1488 755 νόμου

158 760 262 808 μαλα
286 759 563 809 φιλανθρωπου,
589 759 715 809 διόπερ
740 761 813 798 ἀπὸ
842 762 907 809 τῆς
934 760 1051 800 αἰτίας
1081 761 1141 798 καὶ
1170 763 1234 809 τῆς
1262 763 1327 798 τοῦ
1355 777 1488 827 γεγρα-

159 814 275 881 φότος
307 814 455 864 γνώμης
488 814 711 862 διαβάλλειν
748 814 859 852 αὐτὸν
892 818 1073 879 πειρᾶται.
1144 815 1223 852 ἔστι
1259 813 1289 852 δ’
1324 816 1344 852 ὁ
1377 815 1488 864 νόμος

159 869 178 905 ὁ
211 870 276 905 τοῦ
309 869 561 918 Τιμοκράτους
593 871 768 913 τοιοῦτος,
801 869 834 906 εἴ
861 885 930 906 τινι
961 867 1167 918 ΗΑθηναιων
1205 867 1260 906 ἐπ’
1294 870 1486 918 ὀφλήματι

159 921 326 973 δημοσίῳ
349 923 642 972 προστετίμηται
670 923 810 971 δεσμοῦ
834 921 858 972 ἢ
887 924 945 961 καὶ
974 924 1016 961 τὸ
1043 924 1176 961 λοιπὸν
1202 924 1485 973 προστιμηθείη,

160 977 291 1021 ἐξεῖναι
321 978 419 1028 αὐτῷ
452 975 475 1025 ἦ
507 978 612 1029 ἄλλῳ
643 979 734 1026 ὑπὲρ
763 979 875 1015 αὐτοῦ
904 979 1086 1029 ἐγγυητὰς
1116 978 1393 1026 καταστήσαντι
1421 981 1486 1017 τοῦ

160 1032 391 1080 ὀφλήματος,
423 1030 485 1071 οὓς
519 1030 563 1069 ἂν
593 1033 613 1069 ὁ
646 1031 760 1080 δῆμος
790 1032 1046 1083 χειροτονήσῃ,
1078 1031 1101 1080 ἦ
1135 1033 1208 1081 μὴν
1241 1033 1341 1072 ἐντὸς
1373 1034 1487 1081 ῥητῆς

159 1085 389 1134 προθεσμίας
418 1086 587 1130 ἐκτίσειν,
618 1086 799 1133 ἀφεῖσθαι
829 1088 894 1124 τοῦ
925 1086 1076 1135 δεσμοῦ·
1117 1088 1178 1123 ἐὰν
1208 1085 1238 1123 δ’
1266 1088 1486 1127 ἐπιστάντος

158 1142 223 1177 τοῦ
260 1139 395 1189 χρόνου
435 1140 487 1189 μὴ
525 1140 680 1190 ἐκτισθῇ
717 1141 759 1178 τὸ
797 1140 967 1190 ὄφλημα,
1013 1141 1077 1178 τὸν
1113 1143 1180 1189 μὲν
1218 1141 1484 1192 ἐξεγγυηθέντα

157 1193 338 1238 δεδέσθαι,
365 1197 438 1232 τῶν
461 1193 491 1231 δ’
519 1197 706 1246 ἐγγυητῶν
732 1194 916 1244 δημοσίαν
942 1195 1032 1232 εἶναι
1060 1196 1126 1243 τὴν
1153 1196 1295 1232 οὐσίαν.
1353 1198 1484 1233 τοῦτον

157 1250 314 1286 αι’τιᾶται
333 1248 398 1287 τὸν
418 1249 530 1297 νόμον
550 1251 569 1286 ὁ
595 1249 797 1300 κατήγορος
823 1251 892 1300 οὐχ
917 1251 1009 1298 ὑπὲρ
1028 1252 1091 1286 τοῦ
1116 1252 1236 1287 κοινοῦ
1255 1249 1479 1301 γεγράφθαι,

157 1301 244 1340 ἀλλ’
270 1304 360 1351 ὑπὲρ
387 1302 646 1352 Ἀνδροτίωνος
674 1304 734 1341 καὶ
757 1305 969 1342 Γλαυκέτου
997 1304 1055 1340 καὶ
1078 1304 1322 1341 Μελανώπου.
1381 1303 1480 1342 οὗτοι

155 1358 238 1408 γάρ,
266 1358 377 1406 φησί,
398 1358 628 1407 πεμφθέντες
654 1359 704 1398 εἷς
730 1358 875 1407 Καρίαν
898 1358 1127 1407 πρεσβευταὶ
1152 1358 1212 1395 καὶ
1240 1359 1414 1399 πλέοντες
1443 1362 1481 1397 ἐν

154 1412 302 1460 τριήρει,
333 1412 593 1461 περιπεσόντες
626 1412 896 1462 Ναυκρατίταις
927 1412 1130 1462 ἀνθρώποις
1162 1413 1344 1461 ἐμπόροις,
1375 1414 1479 1462 ἀφεί-

153 1466 254 1504 λοντ’
286 1468 404 1504 αὐτῶν
433 1469 479 1504 τὰ
512 1468 696 1518 χρήματα.
766 1466 831 1505 εἶθ’
862 1469 896 1505 οἱ
927 1469 1178 1515 Ναυκρατῖται
1211 1469 1279 1515 μὲν
1310 1467 1480 1508 ἐλθόντες

152 1518 332 1569 Ἀθήναζε
357 1522 422 1559 τὸν
448 1521 564 1571 δῆμον
589 1521 759 1565 ἱκέτευον,
780 1522 800 1559 ὃ
826 1521 864 1559 δὲ
889 1521 1002 1570 δῆμος
1029 1522 1120 1572 ἔγνω
1146 1520 1292 1569 πολέμι’
1318 1521 1407 1559 εἶναι
1432 1524 1478 1560 τὰ

151 1575 324 1624 χρήματα
345 1575 404 1613 καὶ
423 1576 476 1625 μὴ
497 1575 570 1613 δεῖν
590 1575 816 1624 ἀποδοθῆναι
841 1592 918 1616 τοις
938 1576 1121 1625 ἐμπόροις.
1179 1576 1316 1614 τούτων
1335 1575 1365 1613 δ’
1384 1576 1477 1614 οὕτω

150 1630 356 1679 γενομένων
375 1628 575 1680 Αρχέβιος
596 1630 656 1668 καὶ
676 1629 898 1679 Λυσιθείδης
917 1631 951 1667 οἱ
978 1646 1193 1680 τριηραρχοι
1215 1631 1281 1678 τῆς
1301 1630 1396 1675 νεώς,
1419 1632 1477 1678 ἐφ

151 1681 193 1731 ἧς
219 1684 353 1722 ἔπλεον
379 1685 412 1721 οῖ
435 1685 518 1733 περὶ
544 1685 608 1722 τὸν
634 1684 887 1734 ΗΑνὸροτιωνα,
910 1685 1192 1733 εἷσεπράττοντο
1218 1685 1263 1721 τὰ
1287 1701 1473 1734 χρηματα.

150 1739 197 1777 ὡς
223 1737 253 1775 ὃ
272 1739 401 1776 ἐκεῖνοι
427 1740 494 1787 μὲν
519 1740 585 1776 οὐκ
612 1740 851 1787 ἐφάνησαν”
834 1756 979 1790 εχοντες
1005 1740 1108 1783 αυτά,
1130 1740 1163 1776 οἱ
1189 1739 1419 1787 πρεσβευταὶ
1446 1739 1475 1777 δ

151 1792 369 1844 ὡμολόγουν
392 1792 488 1843 ἔχειν
510 1794 615 1837 αὐτά,
637 1793 696 1830 καὶ
723 1792 793 1831 ἔδει
818 1795 1045 1844 παραχρῆμα
1070 1794 1324 1841 καταβάλλειν
1350 1792 1373 1842 ἢ
1399 1795 1474 1834 τοῖς

151 1846 274 1895 νόμοις
297 1847 516 1885 ὑποπίπτειν
540 1850 617 1888 τοῖς
641 1850 714 1886 τῶν
740 1848 967 1895 ὀφειλόντων
992 1849 1039 1885 τὸ.
1065 1847 1239 1896 δημόσια,
1267 1847 1325 1885 διὸ.
1353 1851 1472 1891 τοῦτο,

150 1901 260 1967 φησί,
280 1918 411 1939 τουτον
438 1902 502 1939 τὸν
530 1902 642 1951 νόμον
670 1902 901 1951 Τιμοκράτης
929 1900 1128 1951 βοηθοῦντ’
1157 1902 1305 1942 ἐκείνοις
1334 1901 1472 1950 ἔθηκεν.

150 1955 169 1991 ὁ
199 1955 324 2003 μέντοι
354 1956 585 2022 Τιμοκράτης
624 1956 841 1994 ἐκτετικέναι
875 1957 974 2005 φησὶ
1003 1958 1049 1994 τὰ
1079 1956 1253 2007 χρήματα
1280 1973 1363 1996 τους
1391 1957 1475 2023 περὶ

148 2006 401 2058 Ἀνδροτίωνα,
423 2011 482 2047 καὶ
506 2010 620 2058 δῆλον
646 2010 810 2049 ἐντευθεν
836 2009 926 2048 εἶναι
951 2012 998 2050 ὡς
1022 2012 1087 2048 οὐκ
1115 2011 1259 2048 ἐκείιων
1282 2010 1384 2048 ἕνεκα
1410 2012 1475 2049 τὸν

148 2064 260 2112 νόμον
288 2065 478 2112 εἰσέφερεν
502 2065 620 2104 αὐτός.
680 2067 877 2116 κατηγορεῖ
900 2063 930 2102 δ’
956 2066 976 2101 ὁ
1002 2064 1187 2114 Διόδωρος
1208 2081 1266 2102 και
1291 2065 1389 2102 ἄλλο
1409 2068 1473 2102 τοῦ

147 2118 271 2166 νόμου·
313 2119 381 2167 τήν
408 2135 448 2156 τε
478 2120 550 2169 γὰρ
584 2118 688 2157 θεσιν
718 2121 829 2157 αὐτοῦ
856 2120 1044 2169 μέμφεται
1071 2120 1118 2159 ὡς
1148 2121 1342 2170 γεγονυῖαν
1373 2121 1474 2168 παρὰ

145 2172 229 2212 τοὺς
248 2173 392 2221 νόμους,
415 2173 473 2210 καὶ
494 2173 707 2211 υπεναντίον
735 2172 824 2210 εἶναι
850 2175 926 2213 τοῖς
953 2173 1117 2223 ἀρχαίοις
1141 2174 1251 2221 φησί,
1274 2174 1334 2211 καὶ
1354 2175 1474 2223 ἀσύμ-

146 2229 264 2274 φορον
283 2229 358 2266 τοῖς
380 2229 511 2266 κοινοῖς
531 2227 785 2264 ἐπιδείκνυσιν.

194 2340 205 2360 1
226 2330 260 2362 δὲ
278 2331 353 2361 add.
370 2331 505 2362 Bekker
624 2333 645 2361 6
663 2330 794 2371 ἐξεῖναι]
814 2331 891 2363 εἶναι
912 2330 989 2368 FY,
1004 2331 1046 2361 cf.
1066 2341 1114 2361 or.
1136 2333 1151 2367 ξ
1172 2342 1215 2369 30
1335 2341 1372 2361 21
1392 2332 1473 2364 αὐτοί

146 2374 227 2404 secl.
248 2374 385 2405 Bekker
510 2377 704 2416 παραχρῆμα
731 2374 846 2405 Ioann.
869 2374 969 2405 Sicel.
990 2384 1042 2412 ap.
1065 2374 1131 2405 Rh.
1155 2376 1213 2406 Gr.
1234 2375 1265 2404 vi
1290 2375 1377 2413 368:
1408 2377 1472 2407 πᾶν

146 2418 256 2458 χρῆμα
272 2418 369 2448 codd.
506 2420 547 2448 26
572 2418 668 2450 αὐτός
686 2417 802 2448 Wolf:
827 2419 932 2450 αὐτοῖς
951 2418 1047 2448 codd.

1511 1591 1525 1602 1,

1507 1604 1526 1624 3

1506 1737 1624 1792 [695]

1504 1970 1525 2001 4
