1737 2734
117 936 152 956 10

112 1603 151 1624 20

177 145 290 199 xx1v]
510 149 671 187 ΚΑΤΑ
718 149 1175 188 ΤΙΜΟΚΡΑΤΟΎΣ

174 253 305 294 αὐτοῖς
340 253 412 303 τὴν
446 253 606 306 γραφὴν
642 252 775 303 αὐτήν,
816 253 877 293 καὶ
914 252 1032 307 μέχρι
1067 253 1137 294 τοῦ
1175 254 1331 305 πρώτου
1367 253 1508 306 μέρους

173 319 373 372 ἀνάγνωθι
403 320 472 360 τὸν
501 321 635 371 νόμον·
673 321 802 375 ῥᾷστα
829 321 904 372 γὰρ
935 321 1057 362 οὕτως
1090 320 1167 372 ἐγώ
1198 337 1241 361 τε
1269 318 1412 370 διδάξω
1445 321 1507 361 καὶ

173 385 280 436 ὑμεῖς
303 385 528 437 μαθήσεσθ’
553 388 576 427 ἃ
602 386 720 439 λέγω.

759 507 915 536 ΝΟΜΟΣ.

226 573 310 612 Ἐπὶ
339 576 405 624 τῆς
437 575 675 615 Πανδιονίδος
704 576 849 624 πρώτης
881 575 1064 625 δωδεκάτῃ
1096 577 1161 623 τῆς
1190 576 1407 624 πρυτανείας
1435 579 1507 615 τῶν

171 628 355 678 προέδρων
393 630 627 679 ἐπεψήφισεν
666 629 914 679 Ἀριστοκλῆς
953 630 1237 678 Μυρρινούσιος,
1276 631 1508 679 Τιμοκράτης

173 683 282 720 εἶπεν·
328 683 387 720 καὶ
419 684 452 720 εἴ
479 700 548 721 τινι
578 687 648 721 τῶν
680 684 908 732 ὀφειλόντων
936 684 988 734 τῷ
1014 683 1183 734 δημοσίῳ
1215 685 1507 733 προστετίμηται

172 739 265 774 κατὰ
293 738 407 786 νόμον
432 736 455 786 ἢ
486 740 578 775 κατὰ
602 738 785 787 ψήφισμα
813 737 954 786 δεσμοῦ
979 736 1002 785 ἦ
1028 737 1071 774 τὸ
1096 738 1228 774 λοιπὸν
1254 738 1505 790 προστιμηθῇ,

364 790 465 805 ΑΆΙΙ

172 791 262 829 εἶναι
281 793 379 843 αὗτῳ
398 809 421 840 η
443 795 548 842 αλλῳ
568 793 660 841 ὑπὲρ
679 793 816 829 ἐκείνου
835 793 1018 843 ἐγγυητὰς
1037 793 1284 840 καταστῆσαι.

238 918 448 971 Ἐπίσχες·
486 918 622 959 αὐτίκα
655 920 731 970 γὰρ
764 917 848 958 καθ’
883 918 1054 958 ἕκαστον
1089 918 1326 970 ἀναγνώσει.
1398 919 1505 959 τουτὶ

171 985 342 1031 πάντων,
371 983 400 1025 ὧ
430 985 568 1037 ἄνδρες
600 987 797 1031 δικασταί,
823 989 900 1025 τῶν
930 984 1215 1036 γεγραμμένων
1246 986 1287 1024 ἐν
1317 988 1369 1040 τῷ
1399 986 1505 1040 νόμῳ

171 1052 321 1105 σχεδόν
339 1053 427 1092 ἐστι
446 1054 682 1093 δεινότατον.
737 1051 846 1102 οἶμαι
866 1053 941 1104 γὰρ
961 1052 1049 1092 οὐδὲ
1071 1050 1125 1091 ἕν’
1142 1052 1360 1103 ἀνθρώπων
1378 1051 1506 1092 ἄλλον

170 1121 385 1169 τολμῆσαι,
417 1120 539 1169 νόμον
573 1118 800 1171 εἰσφέροντ’
832 1119 896 1158 ἐπὶ
924 1122 977 1172 τῷ
1011 1121 1187 1171 χρῆσθαι
1220 1118 1309 1160 τοὺς
1338 1121 1505 1162 πολίτας

171 1185 288 1240 αὐτῷ,
310 1187 380 1227 τὰς
400 1188 496 1226 κατὰ
516 1186 606 1228 τοὺς
625 1186 817 1238 πρότερον
838 1187 991 1237 κυρίους
1010 1185 1150 1235 νόμους
1171 1185 1320 1234 κρίσεις
1339 1202 1503 1237 γεγενη-

169 1251 289 1303 μένας
318 1254 572 1305 ἐπιχειρῆσαι
601 1253 724 1292 λύειν.
795 1256 910 1292 τοῦτο
939 1253 1072 1292 τοίνυν
1096 1253 1233 1292 οὑτοσὶ
1258 1252 1505 1303 Τιμοκράτης

171 1320 338 1361 ἀναιδῶς
355 1320 417 1359 καὶ
433 1319 512 1359 οὐδ’
529 1319 860 1371 ἀποκρυψάμενος
876 1320 1102 1369 πεποίηκεν,
1117 1317 1278 1371 γράψας
1294 1318 1505 1370 διαρρήδην

172 1388 182 1403 ‘
198 1386 262 1426 καὶ
286 1387 324 1426 εἴ
339 1402 415 1426 τινι
433 1390 511 1426 τῶν
530 1386 780 1437 ὀφειλόντων
798 1389 850 1440 τῷ
872 1387 1050 1440 δημοσίῳ
1070 1387 1381 1436 προστετίμηται
1407 1387 1505 1426 κατὰ

171 1454 290 1503 νόμον
323 1449 347 1502 ἢ
382 1454 479 1492 κατὰ
508 1452 706 1504 ψήφισμα
739 1456 885 1503 δεσμοῦ
917 1450 940 1502 ἦ
974 1452 1019 1492 τὸ
1050 1452 1194 1492 λοιπὸν
1225 1452 1503 1509 προστιμηθῇ.’

171 1520 258 1571 περὶ
281 1522 356 1570 μὲν
380 1519 426 1569 δὴ
452 1524 529 1560 τῶν
554 1520 786 1570 μελλόντων
810 1521 848 1560 εἴ
868 1536 904 1559 τι
933 1520 1084 1559 δίκαιον
1109 1519 1271 1559 ἔπεισεν
1295 1521 1406 1569 ὑμᾶς,
1434 1519 1503 1559 οὐκ

170 1586 218 1626 ἂν
235 1586 370 1636 ἠδίκει·
404 1587 493 1638 περὶ
509 1586 543 1626 δ’
559 1588 614 1626 ὧν
630 1585 888 1638 δικαστήριον
907 1586 1080 1638 ἔγνωκεν
1100 1587 1162 1626 καὶ
1181 1585 1297 1627 τέλος
1313 1585 1499 1638 ἔσχηκεν,

169 1656 251 1694 πῶς
275 1653 321 1693 οὐ
344 1655 453 1693 δεινὰ
478 1657 585 1694 ποιεῖ
607 1654 728 1703 νόμον
755 1652 957 1705 εἰσφέρων
982 1653 1030 1693 δι’
1049 1653 1094 1693 οὗ
1118 1656 1241 1693 ταῦτα
1265 1651 1500 1702 λυθήσεται,·

169 1720 303 1771 ὥσπερ
336 1718 385 1759 ἂν
416 1721 452 1759 εἴ
480 1737 538 1761 τις
570 1720 693 1762 ἐάσας
726 1720 858 1771 κύριον
889 1720 958 1760 τὸν
987 1720 1126 1759 τούτου
1156 1719 1346 1771 γενέσθαι
1380 1720 1501 1770 νόμον

169 1785 330 1838 γράψει’
350 1786 484 1838 ἕτερον
503 1787 656 1827 τοιόνδε
679 1789 688 1803 ‘
705 1787 766 1826 καὶ
788 1788 826 1826 εἴ
841 1803 956 1832 τινες,
978 1786 1210 1838 ὠφληκότες
1235 1785 1417 1839 χρήματα
1436 1786 1500 1826 καὶ

168 1855 316 1903 δεσμοῦ
341 1852 706 1904 προστετιμημένον
732 1853 874 1898 αὐτοῖς,
902 1855 1096 1905 ἐγγυητὰς
1127 1852 1376 1902 κατέστησαν
1403 1855 1500 1892 κατὰ

167 1918 236 1958 τὸν
264 1920 397 1969 νόμον,
424 1919 475 1969 μὴ
503 1920 603 1960 εἶναι
630 1919 703 1969 τὴν
731 1919 963 1971 διεγγύησιν
993 1919 1136 1964 αὐτοῖς,
1163 1921 1260 1969 μηδὲ
1285 1918 1328 1958 τὸ
1356 1919 1499 1959 λοιπὸν

168 1984 360 2038 ἐξεγγυᾶν
395 1985 572 2036 μηδένα.’
643 1986 733 2026 ἀλλ’
770 1987 857 2026 οὔτε
894 1990 1014 2026 ταῦτα
1050 1985 1253 2035 ποιήσειεν
1289 1984 1337 2025 ἂν
1373 1985 1498 2027 οὐδεὶς

167 2053 367 2103 ὑγιαίνων,
389 2052 509 2103 οἶμαι,
531 2054 582 2093 σύ
601 2052 634 2092 τ’
654 2054 784 2093 ἐκεῖνα
808 2053 914 2092 λύων
934 2053 1092 2102 ἠδίκεις.
1152 2054 1252 2104 χρῆν
1272 2053 1344 2104 γὰρ
1364 2051 1495 2098 αὐτόν,

167 2120 201 2158 εἰ
225 2118 269 2159 τὸ
289 2118 436 2171 πρᾶγμ’
458 2120 632 2169 ἐνόμιζεν
653 2120 815 2164 δίκαιον,
839 2120 902 2159 ἐπὶ
922 2123 1002 2160 τοῖς
1028 2120 1195 2170 ὕστερον
1215 2117 1498 2170 γενησομένοις

209 2236 229 2265 5
259 2229 387 2268 πρώτης
413 2252 420 2259 .
440 2251 447 2258 .
468 2251 474 2258 .
503 2228 690 2269 πρυτανείας
715 2227 806 2258 Weil
833 2228 906 2258 coll.
930 2231 966 2265 ἐξ
989 2237 1040 2265 27,
1060 2237 1125 2266 39:
1156 2229 1283 2268 πρώτης
1307 2227 1496 2268 πρυτανείας

167 2271 330 2313 δωδεκάτῃ
353 2274 410 2308 τῆς
433 2272 622 2313 πρυτανείας
639 2271 712 2301 AY
726 2272 755 2302 O
769 2271 792 2301 S
811 2281 914 2310 marg.
932 2283 938 2301 :
971 2272 1097 2312 πρώτης
1122 2271 1308 2311 πρυτανείας
1332 2270 1495 2312 δωδεκάτῃ

167 2314 256 2353 vulg.
273 2326 279 2345 t
305 2315 431 2356 πρώτης
448 2316 639 2356 πρυτανείας
657 2315 681 2345 S
770 2317 791 2345 6
817 2314 1012 2356 ἐπεψήφιζεν
1025 2314 1160 2344 Schoell
1255 2323 1293 2343 10
1317 2314 1496 2353 ἀναγνώσει

167 2357 197 2387 O
216 2369 222 2387 ε
248 2358 418 2400 ἀναγνώσῃ
438 2357 461 2387 S
479 2358 568 2397 vulg.
664 2368 702 2388 12
727 2359 797 2390 οὐδὲ
816 2359 871 2390 ἕνα
888 2357 911 2388 S
927 2370 932 2389 :
959 2357 1072 2389 οὐδένα
1088 2358 1128 2387 al.
1146 2369 1151 2387 t
1179 2356 1242 2389 οὐδ’
1262 2359 1299 2388 ἂν
1316 2357 1360 2388 ἕν’
1376 2357 1472 2387 BlaSS
1488 2368 1495 2386 Ξ

166 2401 266 2432 οὐδέν’
285 2403 322 2433 ἂν
341 2401 468 2432 Dahms
484 2412 490 2431 :
521 2401 643 2441 μηδένα
658 2401 689 2431 Α
701 2401 730 2431 Y
744 2402 775 2432 Ο
909 2403 1077 2442 ἀνθρώπων
1093 2400 1183 2439 vulg.
1201 2411 1207 2430 :
1240 2402 1402 2442 ἄνθρωπον
1419 2400 1443 2430 S
1457 2399 1493 2430 F¹

165 2454 206 2483 25
231 2444 435 2485 διεγγύησιν]
457 2445 614 2486 ἐγγύησιν
630 2445 661 2475 Α
674 2445 703 2476 Y
716 2445 746 2475 O

1542 150 1653 206 [723]

1537 931 1580 965 72

1536 1530 1578 1565 73

1533 1648 1644 1703 [724]

1528 1996 1573 2030 74
