1737 2734
77 154 202 209 [609]

156 674 198 709 Β

153 1339 195 1374 Μ

84 1726 194 1779 [610]

152 1801 192 1837 5

657 157 1138 195 ΔΗΜΟΣΘΕΝΟΎΣ
1451 151 1556 206 [xxu

231 260 375 302 πάντες
405 260 453 300 ἂν
484 262 643 300 εἴποιτε.
716 262 803 302 τότε
831 262 975 307 τοίνυν,
1007 261 1057 302 ὡς
1091 261 1201 300 ἔστιν
1231 260 1398 306 ἀκούειν,
1431 260 1556 302 οὐδεὶς

232 328 343 368 ἔστιν
375 329 485 368 ὅστις
521 328 779 379 ἀπεστερεῖτο
811 331 878 367 τοῦ
915 330 1104 377 σωθῆναι,
1138 328 1251 368 ὅστις
1288 327 1424 367 ἑαυτὸν
1457 329 1557 366 οἴκοι

232 394 430 446 κρύψειεν,
453 395 559 433 ἀλλὰ
584 398 699 433 τοῦτο
726 397 1016 446 κατηγοροῦμεν
1041 398 1118 433 τῶν
1138 393 1357 445 τριάκοντα,
1384 395 1444 433 ὅτι
1467 394 1557 434 τοὺς

231 462 272 499 ἐκ
314 462 383 510 τῆς
425 461 570 512 ἀγορᾶς
612 461 754 502 ἀδίκως
797 462 964 512 ἀπῆγον.
1036 460 1148 501 οὗτος
1190 461 1320 499 τοίνυν
1360 460 1556 509 τοσαύτην

232 526 459 578 ὑπερβολὴν
485 526 690 576 ἐποιήσατ’
720 528 880 567 ἐκείνων
906 529 974 576 τῆς
1006 527 1122 566 αὑτοῦ
1151 526 1363 576 βδελυρίας
1393 525 1488 565 ὥστ’
1514 527 1556 566 ἐν

230 594 467 646 δημοκρατίᾳ
497 594 802 643 πολιτευόμενος
832 593 903 642 τὴν
931 595 1032 634 ἰδίαν
1062 594 1188 632 οἰκίαν
1219 591 1371 646 ἑκάστῳ
1401 595 1553 642 δεσμω-

230 658 364 711 τήριον
396 660 575 709 καθίστη,
607 661 696 701 τοὺς
729 660 852 700 ἕνδεκ’
880 659 986 711 ἄγων
1017 659 1080 699 ἐπὶ
1109 662 1178 700 τὰς
1210 659 1345 699 οἰκίας.
1418 660 1554 704 καίτοι,

229 723 258 764 ὦ
287 725 424 777 ἄνδρες
450 726 665 776 Ἀθηναῖοι,
696 727 735 766 τί
763 725 886 766 οἴεσθ’
918 725 1027 765 ὁπότ’
1059 725 1261 776 ἄνθρωπος
1291 725 1410 774 πένης
1440 722 1462 773 ἦ
1495 726 1557 764 καὶ

230 792 434 839 πλούσιος,
461 794 593 833 πολλὰ
619 792 650 833 δ’
677 793 890 843 ἀνηλωκὼς
916 794 982 832 καί
1005 792 1078 832 τιν’
1105 794 1201 833 ἴσως
1227 791 1373 842 τρόπον
1399 791 1557 832 εἰκότως

228 859 294 898 οὐκ
322 859 497 910 εὐπορῶν
521 860 717 911 ἀργυρίου,
740 856 761 909 ἢ
782 859 897 911 τέγος
923 859 972 900 ὡς
998 859 1086 900 τοὺς
1106 859 1285 909 γείτονας
1310 858 1555 908 ὑπερβαίνοι,

228 922 251 975 ἦ
281 926 477 966 ὑποδύοιθ’
504 925 577 966 ὑπὸ
610 927 746 975 κλίνην
777 927 872 976 ὑπὲρ
904 929 972 965 τοῦ
1001 925 1052 975 μὴ
1080 925 1123 964 τὸ
1155 924 1255 975 σῶμ’
1281 923 1400 965 ἁλοὺς
1430 925 1485 966 εἰς
1513 924 1557 963 τὸ

228 991 497 1043 δεσμωτήριον
530 994 730 1037 ἕλκεσθαι,
764 989 785 1041 ἦ
822 991 913 1032 ἄλλ’
945 992 1196 1044 ἀσχημονοίη
1230 991 1254 1031 ἃ
1288 992 1453 1035 δούλων,
1488 990 1555 1030 οὐκ

228 1059 445 1110 ἐλευθέρων
482 1059 592 1099 ἐστὶν
628 1060 734 1111 ἔργα,
772 1059 833 1098 καὶ
870 1058 976 1098 ταῦθ’
1010 1058 1085 1098 ὑπὸ
1118 1060 1186 1107 τῆς
1223 1059 1338 1097 αὑτοῦ
1374 1057 1556 1108 γυναικὸς

227 1126 350 1179 ὁρῷτο
382 1130 516 1171 ποιῶν,
548 1125 595 1175 ἣν
628 1126 677 1166 ὡς
708 1126 914 1176 ἐλεύθερος
945 1124 1175 1176 ἠγγυήσατο
1208 1125 1268 1163 καὶ
1301 1126 1370 1173 τῆς
1403 1124 1556 1165 πόλεως

228 1193 405 1242 πολίτης,
438 1193 458 1231 ὁ
491 1195 531 1232 δὲ
567 1193 713 1232 τούτων
744 1194 868 1233 αἴτιος
899 1192 1134 1243 Ἀνδροτίων
1168 1193 1239 1240 εἴη,
1272 1190 1315 1230 δν
1349 1190 1429 1230 οὐδ’
1460 1191 1555 1240 ὑπὲρ

226 1260 344 1298 αὑτοῦ
373 1261 484 1308 δίκην
514 1259 738 1309 λαμβάνειν
768 1260 812 1313 ἐᾷ
841 1260 887 1298 τὰ
920 1258 1177 1310 πεπραγμένα
1214 1259 1274 1297 καὶ
1307 1257 1552 1308 βεβιωμένα,

225 1324 277 1375 μή
307 1327 347 1365 τί
374 1325 410 1377 γ’
440 1326 536 1374 ὑπὲρ
564 1328 633 1375 τῆς
664 1327 836 1369 πόλεως,·
878 1325 1003 1364 καίτοι
1034 1327 1069 1365 εἴ
1097 1342 1154 1366 τις
1185 1323 1299 1376 ἔροιτ’
1325 1323 1454 1369 αὐτόν,
1485 1326 1555 1365 τὰς

226 1393 419 1443 εἰσφορὰς
460 1393 626 1444 πότερον
665 1394 713 1432 τὰ
758 1391 917 1443 κτήματ’
957 1389 979 1441 ἦ
1018 1393 1066 1430 τὰ
1109 1390 1260 1441 σώματ’
1299 1391 1467 1442 ὀφείλει,
1508 1392 1556 1429 τὰ

227 1457 401 1509 κτήματα
437 1458 606 1511 φήσειεν
643 1459 702 1504 ἄν,
743 1460 850 1510 εἴπερ
887 1459 1014 1508 ἀληθῆ
1055 1458 1189 1510 λέγειν
1228 1459 1429 1508 βούλοιτο·
1479 1457 1556 1496 ἀπὸ

226 1527 299 1577 γαρ
318 1526 467 1565 τούτων
487 1525 741 1577 εἰσφέρομεν.
796 1527 901 1567 τίνος
928 1525 994 1565 οὖν
1016 1525 1130 1565 εἵνεκ’
1150 1524 1265 1576 ἀφεὶς
1289 1524 1333 1563 τὸ
1358 1525 1406 1563 τὰ
1430 1524 1557 1577 χωρία
1580 1543 1592 1563 2

226 1593 407 1642 δημεύειν
445 1594 506 1632 καὶ
543 1595 612 1634 τὰς
650 1593 772 1634 οἰκίας
811 1594 874 1632 καὶ
911 1591 1015 1631 ταῦτ’
1055 1591 1317 1643 ἀπογράφειν,
1358 1592 1457 1632 ἔδεις
1495 1590 1555 1629 καὶ

226 1659 381 1710 ὕβριζες
403 1661 567 1701 πολίτας
594 1660 822 1711 ἀνθρώπους
849 1659 911 1698 καὶ
933 1659 1022 1700 τοὺς
1042 1658 1314 1709 ταλαιπώρους
1339 1658 1554 1707 μετοίκους,

227 1726 284 1766 οἶς
316 1726 651 1777 ὑβριστικώτερον
682 1723 703 1775 ἦ
735 1729 816 1768 τοῖς
851 1725 1019 1766 οἰκέταις
1051 1728 1130 1766 τοῖς
1162 1728 1309 1764 σαυτοῦ
1343 1723 1552 1776 κέχρησαις

229 1792 290 1831 καὶ
319 1792 396 1842 μὴν
426 1794 459 1832 εἰ
489 1793 624 1833 θέλετε
660 1792 892 1844 σκέψασθαι
923 1793 963 1831 τί
994 1794 1136 1831 δοῦλον
1166 1788 1188 1840 ἦ
1219 1791 1427 1841 ἐλεύθερον
1457 1789 1556 1830 εἶναι

227 1858 418 1910 διαφέρει,
440 1863 554 1899 τοῦτο
579 1859 771 1911 μέγιστον
796 1859 843 1899 ἂν
867 1860 1027 1909 εὕροιτε,
1050 1860 1110 1898 ὅτι
1135 1862 1216 1899 τοῖς
1241 1859 1312 1907 μὲν
1332 1857 1487 1898 δούλοις
1513 1856 1556 1895 τὸ

227 1929 343 1976 σῶμα
378 1929 455 1966 τῶν
489 1925 737 1976 ἀδικημάτων
776 1925 960 1966 ἁπάντων
995 1925 1209 1965 ὑπεύθυνόν
1247 1925 1370 1969 ἐστιν,
1405 1926 1487 1964 τοῖς
1523 1922 1556 1961 δ’

227 1991 460 2043 ἐλευθέροις,
485 1993 554 2032 κᾶν
574 1995 621 2032 τὰ
642 1992 799 2044 μέγιστ’
820 1993 1034 2044 ἀτυχῶσιν,
1057 1991 1170 2031 τοῦτό
1194 1990 1230 2043 γ’
1251 1990 1383 2030 ἔνεστι
1409 1993 1554 2029 σῶσαι·

277 2111 289 2131 1
318 2101 436 2141 οὐδεὶς]
456 2104 511 2133 οὐκ
529 2101 558 2130 Α
695 2111 713 2131 2
739 2100 941 2137 ἀπεστέρητο
959 2099 987 2129 Α
1078 2101 1111 2131 ‘bs
1130 2101 1244 2130 ἑαυτὸν
1264 2099 1287 2128 F
1421 2109 1439 2136 4
1465 2097 1556 2129 οὗτος

231 2145 253 2175 S
270 2145 440 2176 LAYO:
475 2146 583 2176 οὑτοσὶ
609 2144 698 2183 vulg.
872 2155 890 2182 5
921 2144 1050 2174 ἐκείνων
1074 2143 1136 2173 del.
1170 2143 1265 2172 mass
1290 2151 1362 2171 cum
1388 2143 1468 2171 xxiv
1497 2143 1555 2179 164

231 2188 260 2218 A
273 2188 301 2217 Y
316 2188 345 2218 O
458 2188 646 2229 βδελυρίας]
665 2188 815 2228 πονηρίας
832 2188 912 2216 xxiv
928 2188 984 2224 164
1099 2188 1120 2217 8
1145 2186 1265 2218 ὁπόταν
1284 2185 1317 2219 F,
1334 2185 1375 2215 cf
1395 2185 1475 2214 xxiv
1496 2187 1556 2222 165

229 2243 250 2270 9
281 2231 308 2263 δ’
330 2242 393 2263 om.
418 2232 528 2261 FYO
544 2232 568 2261 L
593 2242 690 2266 corn,
715 2231 755 2261 cs.
781 2231 861 2260 xxiv
890 2232 948 2268 165
1040 2229 1171 2261 εἰκότως
1197 2239 1261 2259 om.
1291 2229 1315 2258 L
1343 2228 1445 2258 Paris.
1471 2228 1556 2266 2998

232 2285 281 2313 pr.
302 2285 343 2305 m.
482 2285 520 2305 10
543 2275 579 2315 ἢ]
600 2276 627 2306 εἰ
644 2275 667 2305 S
682 2275 716 2304 L¹
856 2284 891 2311 14
919 2275 1141 2314 ἐνεγγυήσατο
1158 2273 1188 2303 Α
1326 2274 1363 2301 16
1388 2274 1424 2313 ἐᾷ
1441 2274 1556 2306 λαβεῖν

231 2319 335 2348 schol.
364 2329 395 2357 p.
424 2329 497 2357 700,
524 2329 542 2348 2
566 2324 599 2348 et
624 2319 704 2347 xxiv
734 2319 791 2356 165
818 2317 913 2347 codd.
1086 2326 1121 2354 17
1155 2316 1257 2347 καίτοι
1282 2314 1313 2355 γ’
1339 2315 1380 2354 Α,
1407 2315 1445 2344 cs.
1474 2318 1490 2352 ᾖ
1514 2324 1555 2352 57

236 2363 271 2391 18
303 2363 438 2402 πότερον
466 2363 485 2399 ἢ
514 2361 586 2393 SL.
615 2362 674 2391 sed
704 2361 742 2391 cs.
770 2361 850 2390 xxiv
879 2361 938 2390 166
1093 2369 1133 2389 22
1165 2360 1342 2400 ἀνθρώπους
1367 2358 1502 2389 πολίτας
1526 2357 1557 2386 Α

232 2415 271 2442 24
297 2408 410 2436 Θέλετε
430 2406 453 2435 5
468 2405 533 2434 LA
547 2405 573 2435 B
589 2410 621 2435 et
638 2405 717 2434 xxiv
738 2407 806 2443 167,
823 2404 862 2434 cs.
881 2407 895 2441 ξ
915 2413 952 2442 51
972 2415 977 2433 :
1003 2403 1129 2435 θέλοιτε
1143 2403 1232 2442 vulg.
1326 2411 1365 2440 27
1392 2402 1556 2441 ἀτυχῶσιν

234 2449 256 2478 S
272 2447 308 2478 L¹
323 2449 351 2478 Y
365 2449 394 2478 O
411 2461 416 2479 :
442 2450 588 2488 τύχωσιν
605 2450 786 2480 ἀδικοῦντες
803 2448 893 2486 vulg.
987 2446 1111 2487 ἔνεστι]
1132 2447 1223 2478 ἔσται
1241 2446 1270 2476 Α

1577 545 1594 575 ‘J‘

1580 875 1617 896 10

1579 1211 1614 1242 15
