1737 2734
105 130 223 185 [682]

159 330 224 372 184

158 860 220 906 1&

158 1395 222 1429 xffi

106 1657 223 1711 {683]

159 1932 221 1973 τὴ

677 135 1167 174 ΔΗΜΟΣΘΕΝΟΎΣ
1459 129 1579 183 &mn

810 254 1026 283 ΕΠΙΣΤΟΛΠ.

321 326 455 363 Ταῦτα
487 322 620 373 μέντοι
654 325 714 363 δεῖ
745 323 1039 373 σκοπουμένους
1073 324 1257 363 ἀπιστεῖν
1291 324 1353 364 καὶ
1384 323 1436 375 μὴ
1469 341 1578 365 τετυ-

256 393 429 442 φῶσθαι,
456 389 542 439 μηδ’
570 389 620 430 ὡς
646 389 832 444 εὐεργέτῃ
859 389 1075 442 προσέχειν
1101 389 1168 430 τὸν
1194 393 1298 430 νοῦν.
1358 390 1402 430 οὐ
1428 391 1502 442 γὰρ
1527 392 1581 431 ὧν

254 456 570 508 ἀναγκαζόμενος
609 457 729 508 φίλος
769 455 872 495 εἶναι’
908 461 1011 507 φησι
1053 457 1275 507 φενακίζων
1313 457 1421 506 ὑμᾶς,
1466 457 1581 510 χάριν

255 523 340 562 ἐστὶ
370 524 519 562 δίκαιον
552 523 732 574 ὀφείλειν
758 520 1093 578 [Κερσοβλέπτῃ],
1123 522 1202 561 οὐδ’
1227 523 1282 563 ὧν
1314 522 1417 574 μίκρ’
1442 524 1578 564 ἇναλί-
1602 543 1618 573 5

255 606 362 629 σκων
389 590 466 642 ἰδίᾳ
488 589 550 628 καὶ
570 593 651 630 τοῖς
678 592 914 640 στρατηγοῖς
935 589 997 628 καὶ
1017 592 1099 630 τοῖς
1123 588 1310 640 ῥήτορσιν
1328 587 1583 641 [Χαρίδημος]

253 655 530 708 διαπράττεται
566 655 662 707 πρὸς
697 656 794 706 ὑμᾶς
831 654 1014 696 ἐπαίνους
1051 656 1169 695 αὑτοῦ
1202 655 1442 707 γράφεσθαι·
1490 656 1582 695 ἀλλ’

252 724 319 769 ὧν,
361 723 514 775 ὁσαχοῦ
551 723 678 774 κύριος
717 721 879 773 γέγονεν
916 725 985 761 τοῦ
1023 721 1209 773 πράττειν
1246 723 1267 761 ὅ
1301 739 1339 762 τι
1375 723 1580 772 βούλεται,

254 793 458 843 πανταχοῦ
494 793 620 830 κακῶς
657 790 867 841 ἐπιχειρῶν
903 788 1003 838 ἡμᾶς
1040 792 1166 828 ποιεῖν
1203 789 1400 840 φαίνεται,
1435 789 1582 829 τούτων

253 856 356 896 πολὺ
391 859 548 906 μᾶλλον
586 856 812 907 ὀργίζεσθαι
847 853 1050 906 προσήκει.
1124 856 1159 895 οἱ
1193 857 1264 905 μὲν
1299 856 1431 895 τοίνυν
1463 855 1582 895 ἄλλοι
1606 873 1643 895 10

254 922 410 967 πάντες,
448 924 538 962 ὅσοι
574 939 611 961 τι
647 921 736 972 παρ’
773 922 879 971 ὑμῶν
916 923 1096 972 εὕρηνται
1133 922 1304 967 πώποτε,
1345 921 1408 973 ἐφ’
1446 922 1504 963 οἶς
1541 922 1582 962 εὖ

253 988 517 1038 πεποιήκασιν
555 990 653 1039 ὑμᾶς
691 989 930 1038 τετίμηνται,
972 987 1084 1030 οὗτος
1124 987 1156 1028 δ’
1195 989 1250 1030 εἷς
1286 988 1469 1028 ἁπάντων
1503 992 1582 1029 τῶν

254 1055 390 1096 ἄλλων
414 1057 534 1106 μόνος
560 1055 624 1107 ἐφ’
649 1055 705 1096 οἷς
732 1056 922 1107 ἐγχειρῶν
948 1054 992 1094 οὐ
1021 1055 1226 1105 δεδύνηται
1253 1059 1377 1096 κακῶς
1403 1056 1580 1104 ποιῆσαι.

255 1123 378 1162 καίτοι
404 1127 455 1177 τῷ
481 1123 642 1176 τοιούτῳ
669 1122 713 1161 τὸ
738 1123 859 1171 δίκης,
888 1120 934 1170 ἣν
961 1121 1078 1161 ἔδωκε
1105 1123 1261 1163 δικαίως
1286 1122 1346 1168 ἄν,
1374 1123 1580 1174 ἀφεῖσθαι,

253 1190 406 1241 μεγάλη
441 1191 582 1240 δωρειὰ
619 1188 707 1240 παρ’
740 1190 846 1238 ὑμῶν
880 1187 939 1237 ἦν.
1011 1187 1101 1228 ἀλλ’
1136 1188 1180 1228 οὐ
1211 1191 1332 1228 ταῦτα
1364 1190 1472 1228 δοκεῖ
1500 1193 1582 1230 τοῖς
1605 1207 1640 1238 15

253 1255 454 1307 ῥήτορσιν,
491 1257 597 1296 ἀλλὰ
630 1256 806 1304 πολίτης,
839 1254 1056 1307 εὐεργέτης,
1088 1254 1296 1306 στέφανοι,
1332 1256 1500 1307 δωρειαί,
1531 1255 1580 1295 δι’

254 1324 277 1363 ἃ
296 1324 447 1365 τούτοις
468 1324 545 1376 ἰδίᾳ
570 1323 744 1362 δίδωσιν·
781 1323 816 1362 οἱ
843 1320 874 1362 δ’
895 1322 1013 1361 ἄλλοι
1033 1321 1371 1374 πεφενακισμένοι
1392 1321 1579 1372 κάθησθε,

253 1392 301 1430 τὰ
343 1390 555 1442 πράγματα
597 1388 872 1439 θαυμάζοντες.
943 1388 987 1428 τὸ
1028 1393 1257 1429 τελευταῖον
1301 1391 1341 1428 δὲ
1384 1388 1468 1428 νυνὶ
1509 1388 1582 1428 κᾶν

254 1457 436 1508 φύλακας
462 1456 712 1505 κατέστησαν
738 1457 835 1505 ὑμᾶς
861 1456 1011 1495 ἐκείνου
1042 1457 1104 1495 διὰ
1134 1459 1203 1495 τοῦ
1231 1455 1581 1507 προβουλεύματος

253 1524 403 1568 τούτου,
437 1525 470 1563 εἰ
502 1523 553 1573 μὴ
588 1522 658 1572 τὴν
689 1522 848 1574 γραφὴν
883 1521 1140 1572 ἐποιησάμεθ’
1170 1522 1281 1572 ἡμεῖς
1312 1523 1486 1572 ταυτηνί,
1519 1523 1582 1562 καὶ
1605 1540 1643 1561 20

253 1590 298 1630 τὸ
323 1594 390 1629 τοῦ
414 1591 663 1641 μισθοφόρου
690 1589 752 1628 καὶ
783 1589 1067 1640 θεραπεύοντος
1098 1590 1248 1629 ἐκεῖνον
1278 1589 1394 1641 ἔργον
1418 1589 1440 1638 ἡ
1467 1589 1582 1629 πόλις

255 1657 303 1697 ἂν
328 1656 592 1708 διεπράττετο,
621 1657 804 1708 ἐφρούρει
823 1657 1065 1707 Χαρίδημον,
1127 1656 1250 1695 καλόν
1275 1655 1325 1707 γ’,
1349 1655 1393 1695 οὐ
1418 1655 1512 1706 γάρ,·
1552 1653 1582 1694 ὦ

256 1727 333 1764 Ζεῦ
358 1724 420 1763 καὶ
447 1725 539 1765 θεοί,
567 1723 609 1765 ὃς
634 1723 748 1764 αὐτός
777 1739 871 1762 ποτε
897 1723 986 1764 τοὺς
1012 1722 1220 1773 ὑμετέρους
1248 1722 1412 1775 ἐχθροὺς
1436 1722 1582 1772 μισθὸν

253 1790 476 1841 λαμβάνων
519 1790 763 1842 ἐδορυφόρει,
804 1793 943 1829 τοῦτον
985 1789 1054 1841 ὑφ’
1092 1789 1278 1841 ὑμετέρου
1316 1789 1582 1841 ψηφίσματος

254 1860 428 1909 φανῆναι
453 1858 764 1909 φυλαττόμενον.
1604 1872 1641 1902 25

314 1923 435 1965 Ἴσως
459 1925 590 1964 τοίνυν
611 1923 724 1964 ἐκεῖν’
744 1923 790 1963 ἄν
815 1924 872 1964 τίς
897 1923 935 1973 μ’
956 1923 1097 1974 ἔροιτο,
1119 1923 1158 1962 τί
1181 1921 1324 1973 δήποτε
1344 1922 1450 1962 ταῦτ’
1471 1923 1582 1963 εἰδὼς

255 1992 376 2032 οὕτως
402 1992 573 2042 ἀκριβῶς
605 1991 682 2042 ἐγὼ
713 1992 776 2030 καὶ
806 1990 1162 2041 παρηκολουθηκὼς
1192 1991 1311 2031 ἐνίοις
1340 1993 1418 2029 τῶν
1447 1990 1578 2039 ἀδικη-

253 2058 386 2108 μάτων
421 2060 547 2103 εἴασα,
586 2058 647 2097 καὶ
681 2057 762 2097 οὔθ’
796 2056 851 2096 ὅτ’
885 2056 1002 2096 αὐτὸν
1036 2057 1236 2096 ἐποιεῖσθε
1269 2057 1437 2106 πολίτην
1469 2055 1580 2095 οὐδὲν

253 2126 450 2171 ἀντεῖπον,
489 2124 569 2164 οὔθ’
604 2123 658 2164 ὅτ’
694 2126 886 2180 ἐπῃνεῖτε,
922 2122 1004 2163 οὔθ’
1037 2124 1141 2165 ὅλως
1173 2123 1378 2175 πρότερον,
1413 2123 1504 2174 πρὶν
1535 2122 1580 2161 τὸ

295 2244 314 2272 5
355 2234 589 2275 Κερσοβλέπτῃ
622 2233 700 2263 secl.
737 2233 810 2262 edd.
846 2232 942 2262 Turr.
1103 2233 1124 2262 6
1163 2233 1342 2272 Χαρίδημος
1379 2231 1456 2261 secl.
1487 2230 1579 2261 U'eil

252 2288 273 2315 9
305 2279 381 2316 ὑμᾶς
406 2276 436 2305 Α
588 2287 624 2314 13
657 2278 786 2312 ποιῆσαι
812 2279 914 2307 κακῶς
939 2275 969 2305 Α
1122 2276 1159 2304 18
1192 2277 1251 2306 κᾶν
1275 2275 1421 2314 φύλακας
1447 2275 1579 2304 Cobet:

252 2321 302 2352 καὶ
328 2320 471 2359 φύλακας
499 2318 557 2349 S¹t
591 2321 642 2351 καὶ
668 2319 812 2358 φύλακας
838 2320 875 2350 ἂν
895 2320 982 2357 vulg.
1121 2328 1157 2348 21
1186 2320 1225 2350 τὸ
1249 2320 1306 2349 τοῦ
1331 2318 1409 2347 secl.
1433 2317 1575 2349 Dobree.

252 2363 292 2394 cs.
315 2365 330 2400 §
353 2373 422 2402 123,
444 2364 523 2392 xxiv
541 2373 582 2401 53
680 2372 719 2400 23
738 2368 769 2392 et
788 2373 827 2400 24
853 2363 1025 2403 ἡμετέρους
1043 2366 1077 2392 et
1094 2362 1250 2402 ἡμετέρου
1269 2362 1298 2391 Α
1399 2372 1437 2399 24
1463 2364 1579 2392 τοῦτον

251 2416 313 2437 om.
335 2405 373 2437 5ι
506 2416 545 2445 27
572 2407 707 2447 ἀκριβῶς
726 2408 824 2438 οὕτως
841 2405 871 2435 Α
