1737 2734
117 137 237 194 [686]

170 791 234 825 199

114 1042 230 1097 [687]

698 140 1185 178 ΔΗΜΟΣΘΕΝΟΎΣ
1473 135 1598 190 [xxm

267 242 425 284 οὐδενὸς
459 242 738 292 ἀπεστέρησαν
776 243 949 288 ἑαυτούς,
987 242 1067 282 οὐδ’
1104 243 1214 282 ἔστιν
1244 243 1368 284 οὐδεὶς
1404 245 1516 286 ὅστις
1550 244 1598 284 ἂν

267 310 369 349 εἴποι
411 308 483 358 τὴν
531 310 572 348 ἐν
617 311 810 358 Σαλαμῖνι
860 310 1082 362 ναυμαχίαιν
1127 309 1462 359 Θεμιστοκλέους,
1505 310 1598 351 ἀλλ’

267 375 500 425 Ἀθηναίων,
542 374 629 415 οὐδὲ
671 374 743 424 τὴν
782 378 998 426 Μαραθῶνι
1043 375 1174 428 μάχην
1218 376 1449 422 Μιλτιάδου,
1491 378 1597 417 ἀλλὰ

266 444 334 492 τῆς
371 442 538 483 πόλεως.
610 444 679 480 νῦν
715 441 763 487 δ’,
802 439 831 481 ὦ
869 441 1006 492 ἄνδρες
1045 441 1263 491 Ἀθηναῖοι,
1302 443 1448 482 πολλοὶ
1483 447 1597 484 τοῦτο

264 507 468 559 λέγουσιν,
497 507 547 548 ὡς
576 507 776 559 Κέρκυραν
807 508 888 548 εῖλε
914 508 1107 558 Τιμόθεος
1140 508 1200 548 καὶ
1225 508 1295 557 τὴν
1328 509 1455 560 μόραν
1485 509 1595 550 κατέ-

267 578 394 626 κοψεν
431 574 658 626 Ἰφικράτης
702 576 765 614 καὶ
807 574 878 623 τὴν
921 575 1008 626 περὶ
1050 574 1185 624 Νάξον
1227 575 1335 614 ἐνίκα
1374 577 1596 629 ναυμαχίαν

266 642 462 692 Χαβρίας·
501 643 650 680 δοκεῖτε
676 642 750 692 γὰρ
777 640 887 680 αὐτοὶ
913 645 990 680 τῶν
1016 641 1141 692 ἔργων
1166 641 1314 681 τούτων
1345 647 1595 695 παραχωρεῖν

1159 707 1167 720 ⁷

265 711 342 747 τῶν
366 711 490 757 τιμῶν
514 710 600 748 ταῖς
624 706 868 757 ὑπερβολαῖς
895 708 956 748 αῖς
982 708 1155 746 δεδώκατ
1194 707 1255 747 ἐπ’
1282 708 1413 749 αὐτοῖς
1439 708 1593 763 ἑκάστῳ

265 775 426 814 τούτων.
477 774 547 814 τὰς
561 775 632 823 μὲν
649 774 694 823 δὴ
708 776 913 815 πολιτικὰς
930 775 1092 824 δωρειὰς
1110 775 1231 815 οὕτως
1247 775 1392 814 ἐκεῖνοί
1405 791 1447 815 τε
1464 779 1592 816 καλῶς

265 842 327 880 καὶ
347 840 664 881 λυσιτελούντως
690 839 818 881 αὑτοῖς
845 841 1028 880 ἐδίδοσαν
1050 840 1110 879 καὶ
1132 840 1242 890 ἡμεῖς
1262 840 1330 880 οὐκ
1349 842 1486 891 ὀρθῶς·
1523 843 1593 882 τὰς

263 909 304 947 δὲ
339 911 417 947 τῶν
449 905 574 956 ξένων
606 910 706 952 πῶς;
747 908 888 946 ἐκεῖνοι
914 905 1076 946 Μένωνι
1107 911 1159 961 τῷ
1192 908 1410 961 Φαρσαλίῳ
1445 909 1593 948 δώδεκα

260 976 332 1023 μὲν
365 973 527 1013 τάλαντ’
561 973 744 1025 ἀργυρίου
778 974 885 1013 δόντι
918 973 1014 1024 πρὸς
1050 973 1118 1013 τὸν
1156 973 1216 1013 ἐπ’
1253 973 1386 1014 Ἠιόνι
1418 980 1464 1031 τῇ
1497 974 1592 1026 πρὸς

262 1040 508 1092 Ἀμφιπόλει
528 1040 719 1090 πόλεμον,
740 1041 980 1090 τριακοσίοις
1005 1039 1037 1079 δ’
1061 1041 1225 1080 ἱππεῦσι
1246 1039 1455 1082 πενέσταις
1481 1041 1592 1083 ἰδίοις

260 1105 524 1157 βοηθήσαντι,
548 1106 616 1146 οὐκ
643 1108 916 1158 ἐψηφίσαντο,
940 1106 1057 1145 αὐτὸν
1085 1106 1131 1146 ἄν
1155 1123 1213 1148 τις
1239 1107 1465 1163 ἀποκτείνῃ,
1487 1108 1589 1159 ἀγώ-

260 1191 376 1225 γιμον
420 1173 532 1220 εῖναι,
575 1174 680 1213 ἀλλὰ
724 1174 929 1213 πολιτείαν
972 1174 1116 1212 ἔδοσαν
1160 1173 1222 1213 καὶ
1267 1174 1411 1223 ταύτην
1454 1173 1591 1224 ἱκανὴν

260 1239 544 1291 ὑπελάμβανον
584 1239 683 1280 εῖναι
723 1240 794 1289 την
832 1239 960 1290 τιμήν.
1037 1240 1099 1280 καὶ
1139 1239 1261 1280 πάλιν
1301 1241 1496 1294 Περδίκκᾳ
1536 1245 1589 1295 τῷ

259 1309 357 1346 κατὰ
398 1306 469 1356 τὴν
511 1310 579 1346 τοῦ
620 1306 831 1358 βαρβάρου
880 1306 966 1346 ποτ’
1011 1308 1289 1358 ἐπιστρατείαν
1330 1307 1591 1356 βασιλεύοντι

259 1375 522 1419 Μακεδονίας,
544 1373 632 1414 τοὺς
652 1374 953 1426 ἀναχωροῦντας
975 1375 1016 1413 ἐκ
1040 1376 1252 1413 Πλαταιῶν
1272 1377 1350 1414 τῶν
1369 1373 1589 1426 βαρβάρων

257 1441 530 1493 διαφθείραντι
560 1441 621 1479 καὶ
651 1439 806 1480 τέλειον
835 1441 1042 1493 τάτύχημα
1075 1439 1288 1489 ποιήσαντι
1320 1444 1372 1494 τῷ
1405 1444 1586 1491 βασιλεῖ,

257 1507 326 1547 οὐκ
360 1507 608 1559 ἐψηφίσαντ’
635 1507 850 1558 ἀγώγιμον,
881 1506 926 1546 ἄν
961 1523 1018 1548 τις
1049 1507 1262 1563 ἀποκτείνῃ
1298 1509 1531 1558 Περδίκκαν,
1566 1506 1595 1562 ᾧ

256 1574 452 1624 βασιλεὺς
470 1573 612 1627 ἐχθρὸς
629 1573 677 1613 δι’
694 1574 794 1623 ἡμᾶς
811 1574 1075 1619 ἀπεδέδεικτο,
1095 1575 1200 1613 ἀλλὰ
1218 1575 1422 1614 πολιτείαν
1440 1574 1589 1614 ἔδωκαν

255 1641 391 1691 μόνον.
453 1641 516 1680 καὶ
541 1640 617 1692 γάρ
642 1658 703 1680 τοι
728 1641 817 1680 τότε
841 1643 913 1691 μὲν
935 1641 1033 1680 οὕτω
1059 1642 1188 1691 τίμιον
1217 1640 1264 1690 ἦν
1290 1644 1414 1681 πᾶσιν
1440 1641 1587 1691 ἀνθρώ-

258 1725 344 1750 ποις
370 1707 413 1747 τὸ
438 1707 627 1760 γενέσθαι
652 1708 833 1750 πολίταις
866 1707 954 1759 παρ’
981 1707 1070 1758 ὑμῖν
1104 1707 1202 1747 ὥσθ’
1229 1707 1325 1759 ὑπὲρ
1354 1712 1421 1747 τοῦ
1453 1713 1589 1761 τυχεῖν

256 1775 396 1815 τούτου
429 1775 631 1824 τηλικαῦθ’
666 1773 764 1825 ὑμᾶς
797 1773 911 1827 ἀγάθ’
946 1774 1091 1825 ἤθελον
1124 1778 1262 1820 ποιεῖν,
1298 1778 1367 1815 νῦν
1399 1775 1432 1814 δ’
1467 1776 1589 1817 οὕτως

257 1841 396 1892 ἄτιμον
436 1842 541 1882 ὥστε
589 1845 667 1881 τῶν
708 1842 982 1894 τετυχηκότων
1024 1843 1169 1882 πολλοὶ
1212 1843 1336 1882 πλείω
1376 1844 1474 1881 κακὰ
1511 1845 1590 1882 τῶν
1632 1859 1646 1889 ζ

258 1912 440 1960 φανερῶς
466 1909 620 1962 ἐχθρῶν
646 1910 749 1948 εἰσιν
774 1908 870 1958 ὑμᾶς
897 1908 1163 1961 εἰργασμένοι.
1225 1909 1268 1949 οὐ
1293 1909 1416 1958 μόνον
1440 1908 1473 1948 δ’
1492 1909 1588 1959 αὕτη

257 1978 327 2026 τῆς
351 1977 506 2017 πόλεως
531 1975 553 2026 ἡ
581 1978 721 2027 δωρειὰ
754 1975 1127 2027 προπεπηλάκισται
1163 1976 1223 2015 καὶ
1249 1976 1382 2028 φαύλη
1410 1975 1586 2027 γέγονεν,

307 2095 319 2116 1
347 2085 538 2123 ἀπέστησαν
556 2088 661 2118 αὐτοῖς
681 2086 787 2116 Cobet
948 2087 968 2115 6
992 2086 1172 2125 ναυμαχίαν
1190 2086 1277 2118 ἐνίκα
1296 2085 1319 2115 F
1337 2091 1369 2116 et
1389 2086 1445 2115 xiii
1465 2096 1505 2115 22
1523 2085 1546 2116 S
1561 2086 1589 2116 Α

259 2130 280 2159 8
303 2133 368 2161 τῶν
386 2134 487 2169 τιμῶν
504 2132 572 2162 ταῖς
591 2132 781 2170 ὑπερβολαῖς
799 2140 861 2160 om.
885 2129 921 2159 S¹
1024 2129 1071 2161 αἷς
1090 2130 1143 2159 hic
1161 2140 1277 2159 omnes
1296 2134 1329 2159 et
1348 2129 1404 2158 xiii
1423 2139 1463 2159 22
1482 2130 1505 2159 S
1522 2141 1529 2159 ι
1553 2130 1588 2161 ἃς

260 2173 319 2203 xiii
345 2184 385 2202 22
411 2173 498 2211 vulg.
636 2184 657 2211 9
681 2175 797 2214 δωρεὰς
824 2179 898 2212 post
925 2174 1092 2204 πολιτικὰς
1118 2174 1193 2202 add.
1217 2173 1306 2210 vulg.
1329 2173 1382 2202 hic
1407 2177 1441 2202 et
1466 2172 1523 2202 xiii
1548 2182 1588 2210 23

260 2227 400 2247 omnes:
425 2227 488 2247 om.
512 2217 534 2246 S
632 2227 669 2246 10
695 2217 840 2247 ἐδίδοσαν
858 2217 922 2247 del.
946 2216 1042 2246 Blass
1058 2216 1133 2246 coll.
1151 2216 1205 2245 xiii
1222 2226 1261 2253 23
1357 2226 1393 2254 13
1418 2216 1589 2247 διακοσίοις

261 2261 319 2290 xiii
347 2271 385 2298 23
532 2270 567 2297 14
595 2261 631 2291 ἄν
649 2273 696 2291 τις
716 2262 813 2291 αὐτὸν
831 2260 881 2289 A:
908 2262 1005 2291 αὐτὸν
1021 2265 1195 2298 suspectat
1215 2259 1305 2289 weil
1453 2260 1490 2289 16
1516 2261 1588 2290 ὑπε-

262 2303 445 2343 λάμβανονῙ
466 2303 610 2342 ἐνόμιζον
630 2304 653 2333 S
670 2317 720 2343 γρ.
835 2314 876 2333 20
901 2303 978 2334 εἶναι
997 2309 1073 2342 post
1091 2304 1256 2343 ἀγώγιμον
1273 2303 1348 2332 add.
1368 2302 1416 2332 A:
1442 2313 1505 2332 om.
1527 2302 1551 2332 S
1564 2302 1589 2332 F

263 2347 347 2385 ΥΟ,
367 2347 406 2377 cf.
431 2351 445 2384 ξ
466 2357 525 2385 217
680 2356 713 2376 21
744 2349 759 2378 ὁ
778 2349 910 2388 Περσῶν
927 2352 1005 2385 post
1023 2347 1179 2382 Βασιλεὺς
1197 2347 1273 2377 add.
1294 2346 1317 2376 S
1335 2346 1424 2385 vulg.
1442 2358 1447 2376 z
1474 2356 1536 2376 om.
1560 2345 1587 2375 Β

264 2401 303 2428 ’.23
328 2391 474 2422 πολίταις
494 2391 516 2419 S
533 2390 555 2419 F
568 2390 597 2419 Y
610 2389 639 2417 0
659 2402 664 2419 t
690 2391 824 2421 πολίτας
843 2390 872 2418 Α
1017 2391 1059 2420 26
1083 2391 1164 2421 εἰσὶν
1182 2391 1259 2429 ὑμᾶς
1277 2389 1300 2420 S
1318 2389 1381 2421 aL:
1408 2390 1488 2428 ἡμᾶς
1508 2390 1589 2421 εἰσὶν

264 2434 293 2463 Α
311 2446 317 2464 2
343 2437 417 2468 ὑμᾶς
436 2435 517 2465 εἰσὶν
537 2434 581 2463 F:
608 2435 681 2463 sort.
701 2435 782 2465 εἰσὶν
801 2434 899 2463 BlaSS

1619 858 1652 878 10

1614 1189 1650 1221 Ῑ5

1612 1524 1650 1545 20
