1737 2734
106 136 216 190 [774]

109 573 215 627 [775]

176 779 216 812 18

176 1249 216 1283 19

649 131 1163 186 [AHMOEQENOTE]
1473 132 1570 185 [xxv

248 239 395 280 τούτων
424 239 559 294 ῥᾴδιον
589 238 753 289 διδάξαι.
825 242 933 279 δυοῖν
961 241 1036 290 γὰρ
1067 241 1209 284 ὄντοιν,
1237 236 1265 278 ὦ
1291 238 1428 290 ἄνδρες
1453 239 1570 290 Ἀθη-

249 310 361 351 ναῖοι,
395 307 448 345 ὧν
485 306 598 345 ἕνεκα
637 305 778 347 πάντες
813 307 986 345 τίθενται
1021 307 1057 344 οἱ
1094 306 1219 355 νόμοι,
1251 310 1319 345 τοῦ
1355 322 1397 346 τε
1425 306 1573 356 μηδένα

248 375 366 422 μηδὲν
391 372 410 412 ὃ
435 372 485 422 μὴ
507 373 655 411 δίκαιόν
682 373 769 411 ἐστι
796 376 932 415 ποιεῖν,
963 372 1024 411 καὶ
1050 376 1117 411 τοῦ
1136 372 1226 413 τοὺς
1251 373 1572 422 παραβαίνοντας

248 442 368 478 ταῦτα
389 437 672 488 κολαζομένους
691 439 878 488 βελτίους
898 439 986 479 τοὺς
1006 438 1153 480 ἄλλους
1173 442 1312 483 ποιεῖν,
1335 438 1573 490 ἀμφοτέροις

247 505 399 546 τούτοις
432 505 544 545 οὗτος
575 505 713 557 ἔνοχος
746 503 798 544 ὢν
829 503 1064 556 φανήσεται.
1137 504 1201 544 ἐπὶ
1234 506 1306 554 μὲν
1340 506 1413 556 γὰρ
1444 506 1501 547 οἷς
1530 505 1609 556 ἐξ5

248 572 370 624 ἀρχῆς
396 571 550 622 παρέβη
578 571 667 613 τοὺς
692 571 845 621 νόμους,
868 573 914 610 τὰ
941 570 1139 622 ὀφλήματ’
1165 570 1266 624 αὐτῷ
1295 570 1471 622 γέγονεν·
1510 573 1573 611 ἐπὶ

247 637 279 676 δ’
309 638 365 679 οἶς
398 638 466 678 οὐκ
496 637 652 687 ἐμμένει
686 638 851 682 τούτοις,
884 642 951 677 νῦν
982 638 1046 677 ἐπὶ
1076 637 1147 685 την
1178 637 1268 688 παρ’
1298 639 1405 687 ὑμῶν
1437 637 1573 689 ἄγεται

247 705 445 755 τιμωρίαν,
474 705 578 744 ὥστε
601 705 794 754 μηδεμίαν
815 705 1125 743 καταλείπεσθαι
1151 704 1356 755 πρόφασιν
1381 703 1428 743 δι’
1453 703 1501 753 ἣν
1525 704 1573 744 ἄν

246 787 304 811 τις
334 770 451 810 αὐτὸν
484 771 618 821 ἀφείη.
689 771 776 810 οὐδὲ
807 772 880 822 γὰρ
911 770 957 809 αὖ
990 769 1094 809 τοῦτ’
1126 770 1235 809 ἔστιν
1265 771 1400 815 εἰπεῖν,
1434 771 1484 812 ὡς
1512 770 1572 821 ἄρ’

248 838 289 876 ἐκ
326 837 474 877 τούτων
510 837 620 877 οὐδὲν
659 837 678 887 ἡ
712 838 826 878 πόλις
860 836 1096 886 βλάπτεται.
1170 837 1247 887 ἐγὼ
1280 837 1368 888 γάρ,
1406 838 1466 876 ὅτι
1499 839 1572 887 μὲν
1596 855 1633 876 10

249 903 361 943 πάντ’
398 904 620 943 ἀπόλλυται
649 906 696 943 τὰ
733 905 802 952 τῆς
835 904 988 945 πόλεως
1026 902 1252 954 ὀφλήματα,
1285 904 1318 942 εἰ
1350 904 1398 941 τὰ
1434 903 1572 943 τούτου

247 971 483 1022 σοφίσματα
516 969 798 1021 προσδέξεσθε,
832 970 894 1009 καὶ
924 971 995 1015 ὅτι,
1031 971 1063 1009 εἰ
1093 970 1166 1020 ἄρα
1199 972 1258 1009 δεῖ
1285 986 1393 1011 τινας
1423 971 1464 1009 ἐκ
1494 974 1572 1010 τῶν

245 1037 491 1088 ὀφειλόντων
517 1036 688 1088 ἀφιέναι,
710 1036 800 1078 τοὺς
819 1035 1136 1078 ἐπιεικεστάτους
1163 1036 1224 1075 καὶ
1243 1037 1485 1085 βελτίστους
1510 1037 1572 1076 καὶ

246 1103 335 1145 τοὺς
368 1104 432 1144 ἐπὶ
468 1108 547 1144 τοῖς
583 1104 724 1152 ἥκιστα
757 1106 898 1144 δεινοῖς
932 1102 1180 1154 ὠφληκότας,
1216 1103 1374 1144 τούτους
1410 1102 1570 1154 ἀφιέναι

246 1173 315 1214 δεῖ,
360 1169 449 1223 οὐχὶ
491 1173 558 1209 τὸν
600 1170 869 1221 πονηρότατον
914 1171 975 1209 καὶ
1018 1169 1177 1209 πλεῖσθ’
1219 1169 1468 1220 ἡμαρτηκότα
1509 1171 1571 1210 καὶ
1596 1189 1631 1220 ¹5

246 1236 457 1276 δικαιότατ’
484 1236 699 1288 ὠφληκότα
725 1236 786 1275 καὶ
812 1237 875 1276 ἐπὶ
906 1235 1144 1277 δεινοτάτοις
1168 1237 1223 1285 (τί
1245 1238 1319 1287 γὰρ
1344 1235 1391 1275 ἂν
1416 1235 1571 1287 γένοιτο

247 1305 512 1355 συκοφαντίας
538 1305 601 1343 καὶ
627 1304 870 1354 παρανομίας
900 1303 1133 1353 δεινότερον,
1161 1302 1226 1353 ἐφ’
1252 1303 1309 1343 οἷς
1335 1302 1571 1353 ἀμφοτέροις

245 1370 357 1412 οὗτος
388 1369 609 1422 ὧφληκει’,·)
635 1370 696 1409 καὶ
726 1371 786 1409 ὅτι
817 1369 895 1409 οὐδ’
928 1371 960 1409 εἰ
992 1373 1089 1409 πᾶσι
1115 1372 1196 1410 τοῖς
1221 1369 1361 1410 ἄλλοις
1387 1366 1568 1421 [ἀφίετε],

245 1437 333 1489 οὐχὶ
358 1441 410 1491 τῷ
437 1436 660 1491 βιαζομένῳ
686 1435 810 1486 δήπου
836 1439 1098 1489 συγχωρῆσαι
1130 1435 1319 1487 προσήκει
1343 1436 1472 1488 (ὕβρις
1497 1438 1572 1487 γὰρ

246 1503 290 1553 δὴ
311 1504 427 1544 τοῦτό
451 1503 521 1555 γε),
549 1504 612 1543 καὶ
638 1503 765 1543 πάντα
790 1505 837 1542 τὰ
862 1502 1007 1542 τοιαῦτ’
1034 1502 1155 1542 ἐάσω·
1207 1501 1298 1541 ἀλλ’
1323 1503 1384 1542 ὅτι
1411 1503 1471 1542 καὶ
1496 1505 1571 1544 πᾶς
1595 1521 1633 1543 20

247 1571 266 1609 ὁ
291 1572 359 1619 τῆς
392 1570 546 1611 πόλεως
575 1571 636 1609 καὶ
665 1573 741 1609 τῶν
769 1570 898 1619 νόμων
934 1570 1092 1619 κόσμος,
1129 1567 1157 1608 ὧ
1187 1569 1324 1619 ἄνδρες
1355 1568 1569 1619 Ἀθηναῖοι,

967 1634 1045 1686 (τὸῖ
1079 1637 1175 1675 κατὰ
1200 1639 1351 1681 τοῦτον,
1381 1636 1443 1675 καὶ
1467 1635 1571 1677 τοῦτ’

248 1636 552 1689 συνταράττεται
579 1638 640 1676 καὶ
667 1636 937 1688 διαφθείρεται

247 1703 353 1754 οἶμαι
380 1707 521 1755 σαφῶς
546 1705 636 1753 ὑμῖν
663 1702 884 1753 ἐπιδείξειν.

315 1769 426 1820 Λέξω
453 1770 483 1810 δ’
505 1771 593 1810 οὔτε
620 1770 753 1810 καινὸν
781 1770 868 1810 οὔτε
895 1772 1075 1820 περιττὸν
1097 1769 1208 1809 οὐδὲν
1234 1769 1312 1808 οὔτ’
1341 1771 1450 1814 ἴδιον,
1479 1768 1571 1808 ἀλλ’

248 1837 268 1877 ὃ
295 1836 437 1878 πάντες
456 1838 564 1886 ὑμεῖς
591 1836 670 1877 ἴσθ’
692 1837 832 1886 ὁμοίως
855 1837 952 1886 ἐμοί.
1015 1837 1047 1875 εἰ
1073 1835 1147 1887 γάρ
1172 1852 1230 1877 τις
1254 1837 1360 1885 ὑμῶν
1386 1835 1571 1885 ἐξετάσαι
1597 1856 1632 1886 25

250 1904 439 1944 Βούλεται
464 1905 503 1943 τί
526 1903 611 1943 ποτ’
643 1904 729 1943 ἐστὶ
759 1903 802 1942 τὸ
829 1905 953 1942 αἴτιον
985 1903 1045 1941 καὶ
1079 1902 1122 1941 τὸ
1154 1907 1290 1942 ποιοῦν
1315 1902 1386 1952 τὴν
1417 1902 1572 1953 βουλὴν

249 1970 532 2022 συλλέγεσθαι,
564 1970 632 2010 τὸν
665 1972 788 2019 δῆμον
819 1970 872 2011 εἰς
901 1969 973 2018 τὴν
1002 1969 1218 2019 ἐκκλησίαν
1249 1969 1492 2019 ἀναβαίνειν,
1524 1971 1572 2008 τὰ

249 2036 481 2088 δικαστήρια
508 2040 769 2088 πληροῦσθαι,
796 2038 865 2077 τὰς
891 2036 980 2077 ἕνας
1005 2036 1130 2087 ἀρχὰς
1163 2039 1247 2077 ταῖς
1273 2035 1379 2077 νέαις
1406 2036 1573 2077 ἑκούσας

295 2158 312 2177 2
337 2149 366 2178 οἱ
383 2147 470 2185 νόμοι
487 2147 628 2178 τίθενται
647 2146 677 2176 Α
838 2154 870 2175 11
899 2146 1066 2176 ἀπολεῖται
1084 2145 1113 2174 Α
1248 2147 1305 2182 τῆς
1323 2145 1447 2177 πόλεως
1465 2155 1528 2175 om.
1548 2145 1573 2176 F

253 2201 288 2229 14
323 2190 446 2229 ἀφιέναι
472 2191 546 2221 sort.
566 2190 808 2220 secludendum
968 2191 1004 2218 16
1035 2191 1101 2220 τοῖς
1127 2192 1205 2218 ante
1231 2189 1426 2220 δεινοτάτοις
1452 2189 1526 2219 add.
1547 2188 1571 2219 S

250 2235 291 2264 al.
308 2246 314 2264 :
339 2244 402 2264 orn.
417 2234 447 2263 Α
461 2234 529 2264 Fet
543 2233 739 2264 Alexander
752 2233 816 2263 Rh.
832 2232 889 2263 Gr.
901 2232 957 2261 viii
970 2232 1034 2270 483
1138 2232 1175 2261 18
1201 2237 1275 2271 post
1287 2234 1353 2263 τοῖς
1365 2233 1478 2264 ἄλλοις
1491 2233 1568 2262 add.

251 2278 362 2315 ἀφίετε
380 2277 468 2316 vulg.
487 2289 493 2307 z
520 2285 635 2316 αφιητε
655 2277 697 2307 S:
723 2277 851 2315 ἀφίεται
869 2275 898 2305 Α
915 2286 921 2305 ῖ
947 2275 1071 2313 ἀφιέναι
1090 2275 1210 2306 δίκαιον
1224 2274 1319 2305 Alex
1339 2287 1345 2304 ;
1369 2276 1432 2305 del.
1445 2275 1573 2314 Taylor

252 2331 293 2350 20
317 2322 354 2358 δὴ
372 2320 471 2352 τοῦτό
486 2333 525 2361 ’γε
544 2320 573 2349 Α
591 2320 655 2351 al.:
688 2323 726 2356 δη
748 2332 846 2350 πουτο
868 2332 907 2359 ’γε
933 2318 966 2348 S*
986 2330 992 2348 z
1025 2319 1126 2355 δήπου
1147 2318 1246 2349 τοῦτό
1266 2330 1305 2358 ’γε
1330 2317 1352 2347 S
1369 2331 1420 2358 γρ.
1438 2329 1444 2347 :
1475 2317 1573 2350 τοῦτό

250 2377 288 2404 -γε
309 2364 332 2393 F
443 2364 535 2402 prius
554 2365 603 2395 καὶ
620 2373 683 2393 om.
706 2364 752 2393 S:
777 2363 853 2392 add.
872 2362 959 2400 vulg.
981 2361 1003 2390 S
1021 2374 1071 2402 γρ.
1222 2370 1262 2390 22
1287 2361 1324 2392 τὸ
1341 2361 1416 2392 add.
1436 2360 1572 2392 Dobree

252 2407 326 2437 coll.
350 2409 386 2444 ξξ
406 2417 456 2445 22,
476 2407 516 2446 87
606 2406 747 2436 alterum
765 2407 815 2438 καὶ
833 2405 911 2435 secl.
931 2404 1023 2435 Weil
