1737 2734
69 126 192 182 [600]

149 381 191 415 23

143 975 187 1008 24

73 1294 184 1348 [601]

141 1442 183 1478 25

649 129 1129 167 ΔΗΜΟΣΘΕΝΟὙΣ
1440 126 1545 179 [xxu

225 234 486 282 καταστῆσαι,
528 231 618 272 ἀλλ’
661 234 728 272 ἐὰν
768 233 988 288 ἐπιδεικνύῃ
1031 234 1089 275 τίς
1129 249 1165 273 τι
1204 234 1365 279 τούτων,
1411 235 1546 275 ἱκανὸν

224 297 389 348 νομίζετ’
407 299 577 350 ἔλεγχον
597 299 705 351 ἔχειν
724 300 832 348 ὑμεῖς
857 299 1016 340 εἰκότως
1036 302 1104 349 τῆς
1128 300 1316 349 ἀληθείας
1341 300 1542 342 ἑκάστοτε.

224 364 332 414 ἡμεῖς
365 366 497 404 τοίνυν
530 364 596 404 οὐκ
634 367 674 404 ἐκ
704 366 837 416 λόγων
871 366 1030 405 εἰκότων
1062 366 1149 405 οὐδὲ
1181 367 1411 418 τεκμηρίων,
1437 368 1544 408 ἀλλὰ

223 430 313 482 παρ’
346 430 390 470 οὗ
425 430 603 480 μάλιστα
639 432 749 481 δίκην
785 431 872 471 ἔστι
908 435 1052 481 λαβεῖν
1087 432 1224 486 τούτῳ,
1259 432 1364 472 ταῦτ’
1398 435 1542 474 ἐπιδεί-

223 497 544 548 κνυμεν-ἄνδρα
578 499 859 550 παρεσχηκότα
895 502 1173 549 γραμματεῖον,
1211 499 1251 538 ἐν
1285 497 1313 553 ᾧ
1342 502 1389 539 τὸ.
1420 499 1543 554 τούτῳ
1565 518 1582 549 5

220 563 438 613 βεβιωμέν’
472 564 640 609 ἔνεστιν,
676 564 718 605 ὃς
754 564 869 604 αὑτὸν
902 565 1117 604 ὑπεύθυνον
1153 565 1324 615 ποιήσας
1359 571 1548 618 μαρτυρεῖ

219 633 352 669 ταῦτα.
413 630 509 669 ὥσθ’
530 631 624 669 ὅταν
648 633 720 680 μὲν
746 631 946 682 λοιδορίαι·
971 635 1092 671 ταῦτα
1119 632 1179 670 καὶ
1200 631 1326 671 αἰτίαν
1354 631 1452 672 εἶναι
1471 638 1542 690 φῇ,

219 695 518 746 ὑπολαμβάνεθ’
541 697 591 737 ὡς
611 700 730 736 ταῦτα
754 696 826 747 μέν
851 698 963 737 ἐστιν
987 698 1167 750 ἔλεγχος,
1189 698 1213 737 ἃ
1237 697 1271 737 δ’
1291 698 1402 739 οὗτος
1427 703 1542 745 ποιεῖ,

218 766 339 802 ταῦτα
364 764 542 814 λοιδορία
569 765 630 803 καὶ
656 765 773 803 αἰτία·
812 765 907 803 ὅταν
932 763 963 803 δ’
984 765 1043 803 ὅτι
1068 764 1164 815 πρὸς
1189 765 1278 806 τοὺς
1302 765 1545 815 θεσμοθέτας

219 831 419 880 προσῆκεν
452 829 719 881 ἐπαγγέλλειν
751 830 855 880 ἡμῖν,
886 831 1011 869 ἐκεῖνο
1044 830 1362 881 ὑπολαμβάνετε,
1389 832 1450 871 ὅτι
1483 832 1544 871 καὶ
1568 848 1605 869 10

218 899 330 935 τοῦτο
371 895 593 946 ποιήσομεν
631 915 651 931 ÷÷
699 915 717 931 ÷÷
765 915 784 931 κ
819 898 882 936 καὶ
924 900 992 936 νῦν
1035 898 1314 947 προσηκόντως
1352 899 1439 949 περὶ
1476 901 1544 938 τοῦ

217 962 337 1011 νόμου
361 962 544 1014 λέγομεν.
615 964 647 1002 εἰ
671 964 744 1012 μὲν
763 963 836 1014 γὰρ
861 962 988 1002 ἄλλον
1013 963 1085 1003 τιν’
1110 963 1230 1015 ἀγῶν’
1255 963 1545 1016 ἀγωνιζομένου

219 1045 292 1068 σου
327 1032 448 1068 ταῦτα
486 1032 787 1080 κατηγοροῦμεν,
827 1030 983 1071 δικαίως
1019 1028 1067 1069 ἂν
1099 1029 1346 1081 ἠγανάκτεις’
1391 1032 1424 1071 εἰ
1456 1031 1490 1071 δ’
1523 1032 1544 1071 ὁ

216 1097 289 1145 μὲν
314 1099 382 1135 νῦν
407 1096 626 1145 ἐνεστηκὼς
657 1096 764 1147 ἀγών
794 1098 905 1136 ἐστιν
935 1097 1185 1147 παρανόμων,
1214 1098 1249 1136 οἱ
1280 1098 1392 1147 νόμοι
1417 1096 1449 1136 δ’
1474 1097 1543 1137 οὐκ

217 1163 314 1201 ἐῶσι
347 1161 482 1213 λέγειν
513 1163 601 1202 οὐδὲ
631 1164 678 1202 τὰ
711 1162 854 1213 ἔννομα
887 1163 976 1204 τοὺς
1010 1164 1109 1203 οὕτω
1142 1164 1406 1213 βεβιωκότας,
1433 1163 1544 1214 ἡμεῖς
1566 1184 1603 1217 15

216 1228 249 1267 δ’
267 1230 538 1278 ἐπιδείκνυμεν
563 1229 606 1269 οὐ
631 1229 750 1279 μόιόν
777 1229 944 1280 εἰρηκότ’
965 1229 1082 1269 αὐτὸν
1108 1229 1326 1281 παράνομα,
1349 1231 1454 1270 ἀλλὰ
1481 1231 1543 1270 καὶ

214 1296 446 1345 βεβιωκότα
461 1297 707 1347 παρανόμως,
727 1299 808 1337 πῶς
829 1296 916 1348 οὐχὶ
933 1295 1124 1347 προσήκει
1144 1295 1278 1347 λέγειν
1298 1297 1386 1349 περὶ
1405 1297 1544 1338 τούτου

216 1366 282 1401 τοῦ
308 1363 429 1412 νόμου
455 1362 503 1402 δι’
530 1363 574 1402 οὗ
599 1363 704 1402 ταῦτ’
731 1363 960 1416 ἐλέγχεται;

284 1430 360 1469 Καὶ
389 1429 467 1479 μὴν
497 1430 655 1469 κάκεῖνό
683 1447 728 1481 γε
758 1433 817 1470 δεῖ
846 1433 985 1480 μαθεῖν
1010 1431 1120 1480 ὑμᾶς,
1148 1431 1208 1470 ὅτι
1236 1430 1326 1472 τοὺς
1356 1431 1497 1481 νόμους
1521 1431 1542 1470 ὁ

215 1496 335 1537 τιθεὶς
368 1497 528 1538 τούτους
554 1497 693 1536 Σόλων
729 1497 789 1536 καὶ
819 1500 896 1536 τῶν
926 1497 1063 1536 ἄλλων
1092 1497 1180 1539 τοὺς
1209 1497 1396 1543 πολλούς,
1428 1497 1542 1538 οὐδὲν
1565 1518 1604 1539 20

214 1563 347 1612 ὅμοιος
374 1561 427 1602 ὢν
452 1564 576 1616 τούτῳ
607 1563 833 1613 νομοθέτης,
862 1564 934 1616 οὐχ
965 1564 1022 1603 ἑνὶ
1053 1564 1171 1604 ἔδωκε
1196 1565 1326 1618 τρόπῳ
1352 1564 1441 1615 περὶ
1464 1568 1543 1605 τῶν

214 1629 463 1679 ἀδικημάτων
489 1630 667 1670 ἑκάστων
686 1630 909 1681 λαμβάνειν
929 1631 1039 1680 δίκην
1059 1635 1138 1672 τοῖς
1158 1630 1419 1681 βουλομένοις
1438 1633 1543 1683 παρὰ

215 1700 291 1736 τῶν
324 1696 574 1741 ἀδικούντων,
610 1698 714 1736 ἀλλὰ
748 1701 974 1749 πολλαχῶς.
1046 1697 1129 1752 ᾔδει
1162 1698 1249 1749 γάρ,
1285 1698 1405 1748 οἶμαι,
1435 1697 1542 1738 τοῦθ’

213 1764 273 1803 ὅτι
305 1763 394 1804 τοὺς
428 1765 469 1803 ἐν
503 1770 550 1820 τῇ
580 1765 694 1804 πόλει
726 1763 914 1815 γενέσθαι
948 1763 1097 1805 πάντας
1130 1766 1271 1814 ὁμοίως
1297 1761 1318 1813 ἦ
1345 1765 1494 1806 δεινοὺς
1518 1761 1541 1814 ἦ

214 1831 375 1881 θρασεῖς
401 1828 422 1880 ἦ
448 1832 626 1881 μετρίους
647 1830 713 1869 οὐκ
740 1831 787 1870 ἂν
808 1833 878 1881 εἴη.
941 1833 974 1871 εἰ
997 1833 1069 1881 μὲν
1090 1831 1169 1880 οὖν,
1190 1831 1240 1873 ὡς
1265 1835 1345 1873 τοῖς
1369 1833 1541 1883 μετρίοις
1563 1850 1600 1881 25

260 1950 272 1970 1
302 1941 480 1983 ἐπιδεικνύῃ
498 1942 547 1972 τίς
565 1941 588 1971 S
604 1941 638 1970 L'
658 1942 700 1972 al.
721 1953 727 1971 z
752 1955 799 1972 τις
819 1941 998 1982 ἐπιδεικνύῃ
1019 1941 1043 1970 L
1063 1951 1144 1971 corr.
1166 1941 1190 1970 F
1295 1952 1313 1979 4
1338 1941 1442 1980 τούτῳ
1459 1941 1540 1972 secl.

215 1984 312 2014 Blass
341 1985 414 2015 coll.
442 1985 547 2015 schol.
576 1995 608 2024 p.
635 1986 710 2017 682,
739 1995 774 2014 21
913 1985 1021 2024 ταῦτ’]
1051 1985 1140 2016 τοῦτ’
1170 1984 1290 2014 Blass:
1327 1984 1442 2014 delet-e
1470 1984 1541 2015 vult

215 2028 350 2067 Sauppe
517 2038 536 2066 5
562 2030 658 2069 ἄνδρα
676 2027 920 2068 παρεσχηκόταἿ
943 2030 1054 2068 ἄνδρας
1073 2028 1317 2067 παρεσχηκότες
1337 2027 1431 2057 Bodl.
1451 2028 1540 2067 apud

212 2071 419 2109 Taylorum:
452 2073 560 2112 ἀνδρὸς
586 2073 831 2112 παρεσχηκότες
856 2072 1011 2102 Dobree:
1046 2073 1155 2112 ἀνδρὸς
1179 2072 1425 2112 παρεσχηκότος
1450 2071 1537 2102 coni.

215 2115 350 2145 Bekker·
490 2127 510 2155 9
535 2117 675 2156 λοιδορία
691 2129 728 2146 τε
746 2115 776 2144 Α
925 2125 935 2144 Ι
948 2125 958 2144 1
987 2120 1060 2154 post
1078 2116 1255 2153 ποιήσομεν
1272 2115 1374 2144 verba
1392 2116 1537 2155 ὕστερον,

214 2160 340 2190 ἐπειδὰν
370 2161 424 2190 νῦν
451 2160 519 2200 περὶ
549 2158 591 2190 ὧν
620 2160 766 2195 εἰσῆκται
793 2161 834 2198 δῷ
859 2158 969 2199 λόγον,
997 2169 1014 2188 e
1042 2158 1190 2188 Maximo
1218 2158 1301 2193 &Kle
1330 2158 1388 2188 Gr.
1414 2168 1434 2186 v
1459 2159 1537 2196 579)

213 2203 383 2232 revocavit
403 2202 512 2240 31353,
532 2208 622 2233 recte
642 2208 722 2241 puto
858 2212 894 2240 17
920 2201 1105 2242 παρανόμως
1123 2202 1196 2231 fort.
1217 2201 1395 2230 delendum
1418 2200 1537 2231 ,Weilx

213 2255 249 2274 ει
279 2246 452 2283 νομοθέτης
475 2247 554 2277 secl.
578 2247 673 2276 Blass
691 2251 725 2275 ut
742 2256 784 2275 ex
802 2246 881 2275 xxiv
904 2256 962 2284 103
982 2245 1107 2275 illatum
1242 2246 1286 2276 ἑνὶ
1313 2246 1408 2276 ἔδωκε
1433 2246 1539 2284 τρόπῳ

213 2288 236 2318 S
252 2289 275 2318 L
290 2289 354 2319 ΡΥ
371 2302 374 2319 ;
410 2292 454 2321 ἑνὶ
478 2291 593 2322 δέδωκε
616 2289 723 2330 τρόπῳ
740 2289 780 2319 al.
800 2301 806 2318 z
833 2289 876 2320 ἕν’
896 2290 991 2320 ἔδωκε
1010 2289 1128 2329 τρόπον
1148 2287 1243 2318 Blass
1261 2288 1334 2318 coll.
1355 2291 1391 2324 ἐξ
1412 2297 1463 2325 25·
1485 2287 1536 2321 28,

213 2343 253 2371 29
409 2344 447 2371 24
472 2335 622 2374 ’γενέσθαι
640 2333 761 2364 πάντας
779 2333 892 2371 ὁμοίως
911 2333 933 2362 S
948 2332 975 2361 Y
989 2332 1018 2361 O
1034 2344 1038 2362 :
1064 2332 1214 2372 ’γενέσθαι
1234 2332 1351 2363 πάντας
1370 2331 1494 2368 ὁμοίους
1515 2330 1538 2359 L

213 2376 323 2416 vulg.:
358 2377 479 2409 πάντας
505 2378 629 2416 ὁμοίους
654 2377 803 2416 ’γενέσθαι
829 2376 859 2405 Α
948 2377 967 2413 ἢ
993 2375 1134 2416 θρασεῖς-ἶ
1163 2377 1212 2406 καὶ
1239 2377 1361 2415 θρασεῖς
1389 2373 1534 2411 Dobree,

212 2420 250 2450 cf.
274 2424 288 2458 ᾧ
309 2423 349 2451 28
