1737 2734
110 126 236 182 ῖ669]

176 842 241 877 ¹50

123 1495 240 1549 [fflQ

179 1576 239 1611 151

697 122 1180 162 ΔΗΜΟΣΘΕΝΟΎΣ
1471 117 1593 172 &mn

266 227 572 281 μισθοφορήσας
603 227 692 278 παρ’
719 228 867 280 ἐκείνῳ,
895 226 1029 275 ἐπειδὴ
1054 226 1122 266 τὸν
1147 228 1219 276 μὲν
1243 225 1471 278 Ἰφικράτην
1495 226 1593 266 ἀπο-

1138 294 1147 305 Ὶ
1184 292 1193 305 5
1236 291 1245 305 9

268 294 489 347 στράτηγον
539 293 768 343 ἐποιήσατε,
812 294 1009 343 Τιμόθεον
1057 293 1088 332 δ’
1131 309 1182 333 επ
1251 294 1483 344 Αμφίπολιν
1533 293 1595 332 καὶ

270 362 523 413 Χερρόνησον
545 360 797 412 ἐξεπέμψατε
819 360 1056 411 στρατηγόν,
1079 363 1231 411 πρῶτον
1251 361 1323 407 μὲν
1342 359 1431 400 τοὺς
1448 358 1593 410 Ἀμφι-

268 431 442 469 πολιτῶν
459 427 637 479 ὁμήρους,
658 427 723 468 οὓς
740 426 830 478 παρ’
850 426 1051 477 Ἀρπάλου
1071 426 1213 475 λαβὼν
1228 425 1457 477 Ἰφικράτης
1476 425 1595 465 ἔδωκε

269 493 485 546 φυλάττειν
505 494 620 547 αὐτῷ,
642 492 942 545 ψηφισαμένων
961 494 1068 542 ὑμῶν
1094 492 1145 534 ὡς
1170 493 1267 542 ὑμᾶς
1292 493 1450 542 κομίσαι
1475 490 1594 542 παρέ-

269 565 392 601 δωκεν
416 561 739 612 Ἀμφιπολίταις·
779 560 842 598 καὶ
871 563 938 599 τοῦ
967 559 1019 609 μὴ
1049 562 1194 608 λαβεῖν
1219 558 1469 609 Ἀμφίπολιν
1492 557 1596 597 τοῦτ’

270 628 450 678 ἐμποδὼν
472 626 655 676 κατέστη.
710 626 890 677 δεύτερον
911 625 964 670 δέ,
985 624 1250 675 μισθουμένου
1265 624 1460 674 Τιμοθέου
1477 623 1597 663 πάλιν

269 695 387 734 αὐτὸν
408 695 470 734 καὶ
489 694 532 733 τὸ
553 693 787 744 στράτευμα,
809 693 931 746 τούτῳ
956 694 1027 742 μὲν
1048 692 1091 731 οὐ
1116 693 1265 741 μισθοῖ,
1288 691 1383 741 πρὸς
1408 693 1449 730 δὲ
1471 690 1598 730 Κότυν

271 760 402 802 πλέων
432 760 543 815 ᾤχετ’
570 761 674 812 ἔχων
704 761 774 800 τὰς
803 758 990 810 ὑμετέρας
1014 758 1322 809 τριακοντόρους,
1351 757 1395 796 ὃν
1425 758 1598 807 ἀκριβῶς

270 828 352 883 ᾔδει
377 831 454 867 τῶν
479 829 605 866 ὄντων
631 826 849 877 ἀνθρώπων
874 825 1080 878 ἐχθρόταθ’
1107 826 1196 874 ὑμῖν
1222 825 1478 873 διακείμενον.
1535 823 1598 862 καὶ

270 896 367 944 μετὰ
396 897 529 939 ταῦτα,
556 893 690 942 ἐπειδὴ
716 893 783 932 τὸν
810 895 905 943 πρὸς
930 890 1176 942 Ἀμφίπολιν
1202 891 1378 939 πόλεμον
1408 890 1599 941 πρότερον

272 964 459 1011 πολεμεῖν
490 961 618 1000 εἵλετο
646 960 839 1009 Τιμόθεος
869 961 937 998 τοῦ
966 957 1062 1009 πρὸς
1092 957 1358 1008 Χερρόνησον,
1392 957 1454 996 καὶ
1487 956 1599 996 οὐδὲν

273 1027 355 1081 εἶχε
382 1031 509 1067 ποιεῖν
536 1028 634 1077 ὑμᾶς
659 1028 742 1066 ἐκεῖ
767 1026 898 1070 κακόν,
923 1028 1062 1075 μισθοῖ
1085 1023 1207 1064 πάλιν
1232 1022 1350 1063 αὑτὸν
1375 1022 1600 1063 Ὀλυνθίοις

272 1099 353 1136 τοῖς
389 1093 587 1145 ὑμετέροις
624 1094 782 1145 ἐχθροῖς
821 1092 882 1131 καὶ
919 1095 1001 1132 τοῖς
1037 1092 1201 1144 ἔχουσιν
1234 1090 1479 1142 Ἀμφίπολιν
1518 1089 1599 1128 κατ’

272 1163 422 1201 ἐκεῖνον
442 1164 509 1200 τόν
529 1161 686 1213 χρόνον,
742 1160 803 1198 καὶ
825 1159 958 1198 πλέων
979 1159 1122 1203 ἐκεῖσε,
1144 1158 1186 1197 ἐκ
1208 1158 1378 1208 Καρδίας
1398 1156 1597 1209 ἀναχθείς,

272 1230 334 1268 ἵνα
363 1228 551 1268 τάναντία
580 1232 628 1283 τῇ
658 1226 772 1266 πόλει
802 1230 969 1281 πολεμῇ,
996 1226 1072 1265 ὑπὸ
1102 1227 1181 1264 τῶν
1210 1222 1408 1274 ἡμετέρων
1433 1221 1600 1275 τριήρων

272 1294 390 1335 ἑάλω.
444 1296 506 1334 διὰ
531 1297 599 1333 τὸν
625 1293 799 1344 παρόντα
824 1294 864 1332 δὲ
892 1291 1024 1342 καιρὸν
1045 1291 1106 1330 καὶ
1130 1290 1174 1330 τὸ
1199 1293 1281 1330 δεῖν
1307 1288 1430 1338 ξένων
1450 1289 1513 1329 ἐπὶ
1531 1288 1601 1329 τὸν

273 1362 447 1412 πόλεμον
472 1360 540 1400 τὸν
567 1359 628 1400 ἐπ’
655 1359 914 1411 Ἀμφίπολιν,
942 1359 1028 1398 ἀντὶ
1053 1361 1122 1397 τοῦ
1151 1358 1260 1407 δίκην
1287 1360 1420 1397 δοῦναι
1448 1357 1508 1396 ὅτι
1533 1356 1601 1396 οὐκ

273 1428 509 1468 ἀπεδεδώκει
537 1427 627 1468 τοὺς
657 1425 825 1477 ὁμήρους
857 1425 919 1465 καὶ
950 1426 1048 1465 διότι
1074 1424 1170 1476 πρὸς
1198 1424 1325 1463 Κότυν
1351 1423 1494 1476 ἐχθρὸν
1519 1422 1601 1462 ὄνθ’

273 1496 362 1545 ὑμῖν
386 1494 662 1544 ηὐτομόλησεν
689 1494 793 1546 ἔχων
818 1494 887 1534 τὰς
911 1492 1222 1543 τριακοντόρους,
1245 1491 1400 1531 πίστεις
1425 1490 1514 1530 δοὺς
1541 1489 1603 1529 καὶ

272 1562 413 1612 λαβὼν
451 1560 691 1612 ἐστράτευσε
727 1559 813 1610 μεθ’
846 1560 965 1609 ὑμῶν.
1036 1559 1090 1598 ὧν
1124 1557 1157 1597 δ’
1190 1559 1341 1597 ἐκεῖνον
1374 1557 1523 1597 δίκαιον
1556 1554 1604 1605 ἦν

274 1628 390 1681 χάριν
415 1629 505 1677 ὑμῖν
531 1628 640 1681 ἔχειν
665 1626 734 1666 οὐκ
760 1626 1013 1671 ἀπολωλότα,
1036 1628 1150 1664 τοῦτο
1176 1623 1338 1664 παθόντ’
1359 1623 1407 1664 ἂν
1432 1623 1601 1667 δικαίως,

275 1695 361 1735 ἀντὶ
399 1695 547 1734 τούτων
587 1694 637 1735 ὡς
677 1692 886 1744 ὀφείλουσ’
923 1693 944 1742 ἡ
983 1693 1098 1733 πόλις
1137 1691 1240 1744 αὐτῷ
1280 1689 1503 1742 στεφάνους
1542 1689 1605 1729 καὶ

275 1763 479 1802 πολιτείαν
506 1761 568 1801 καὶ
593 1761 617 1800 δι
645 1760 788 1801 πάντες
818 1760 1037 1800 ἐπίστασθε
1068 1757 1248 1798 δέδωκεν.
1321 1757 1383 1797 καὶ
1412 1757 1472 1796 ὄτι
1496 1755 1604 1796 ταῦτ’

274 1829 401 1879 ἀληθῆ
438 1827 557 1879 λέγω,
596 1828 641 1867 τό
679 1844 721 1867 τε
757 1825 941 1878 ψήφισμ’
978 1825 1181 1877 ἀνάγνωθί
1215 1841 1282 1875 μοι
1319 1823 1363 1863 τὸ
1402 1823 1490 1875 περὶ
1526 1826 1605 1862 τῶν
1648 1836 1662 1867 ζ

275 1894 442 1947 ὁμήρων,
475 1895 537 1934 καὶ
567 1894 637 1944 τὴν
667 1893 915 1946 Ἰφικράτους
949 1891 1167 1941 ἐπιστολὴν
1201 1891 1262 1930 καὶ
1294 1890 1366 1940 τὴν
1393 1888 1602 1940 Τιμοθέου,

277 1963 338 2002 καὶ
378 1963 475 2012 μετὰ
514 1964 635 2001 ταῦτα
673 1960 744 2010 τὴν
783 1960 996 2011 μαρτυρίαν
1035 1959 1205 2008 ταυτηνί·
1256 1959 1411 2009 ὄψεσθε
1450 1959 1523 2008 γὰρ
1561 1956 1605 1996 οὐ

316 2030 325 2041 r
476 2028 484 2041 ἱ
514 2027 522 2041 ἱ
579 2029 588 2041 5
621 2028 630 2040 Ι
726 2028 735 2040 5
801 2026 809 2039 ν
844 2027 853 2039 5
903 2025 912 2037 s
1076 2025 1093 2039 v
1209 2025 1226 2040 φ
1320 2023 1327 2035 ι
1501 2022 1510 2036 t

274 2035 418 2080 λογους
445 2030 510 2067 ουδ
550 2044 690 2072 αιτιαν,
718 2032 797 2067 αλλ
835 2029 1025 2075 ἀληθειαν
1051 2041 1175 2065 ουσαν
1201 2041 1255 2064 ων
1279 2029 1400 2076 λεγω.
1462 2030 1569 2075 λεγε.

320 2148 336 2176 7
363 2137 512 2176 ἐμπόδιον
529 2137 559 2166 Α
699 2147 736 2166 10
759 2140 825 2168 τῶν
843 2135 958 2175 ὕντωνῖ
978 2134 1106 2166 πάντων
1123 2134 1153 2165 Α
1287 2143 1324 2163 12
1348 2133 1519 2174 προείλετο
1537 2131 1567 2162 Α
1582 2131 1606 2161 F

282 2192 316 2219 14
343 2183 393 2213 καὶ
411 2181 491 2211 secl.
511 2181 619 2211 Cobet
772 2189 807 2217 17
835 2182 954 2211 δεῖσθαι
972 2179 1037 2209 AS
1055 2192 1105 2219 Ὑρ.
1248 2178 1284 2207 18
1310 2177 1374 2217 ὅτι]
1395 2176 1475 2208 διότι
1494 2174 1523 2205 Α
1538 2175 1603 2205 FO

281 2235 318 2263 19
343 2224 486 2256 ἀπέδωκε
505 2225 534 2254 Α
712 2233 749 2253 21
781 2222 824 2254 ὧν
841 2222 866 2254 δ’
887 2246 894 2254 .
915 2247 921 2253 .
940 2245 947 2252 .
965 2222 1020 2262 ἦν]
1045 2221 1087 2253 ὧν
1105 2221 1159 2253 οὖν
1175 2220 1215 2258 ἦν
1231 2222 1352 2252 δίκαιον
1371 2221 1492 2251 ἐκεῖνον
1510 2219 1533 2249 S
1550 2231 1601 2259 γρ.

277 2278 317 2305 23
343 2269 412 2299 ἀντὶ
431 2268 553 2299 τούτων
569 2278 635 2298 orn.
657 2266 688 2296 Α
794 2277 834 2304 24
861 2266 879 2297 ἃ
896 2265 1028 2306 πάντες]
1049 2264 1160 2297 ἅπανθ’
1178 2266 1240 2296 ὅσα
1256 2264 1286 2294 Α
1390 2263 1432 2292 28
1457 2262 1558 2302 λόγον
1574 2261 1605 2291 Α

277 2312 382 2343 αἰτίαν
405 2311 428 2341 S
442 2310 471 2340 Y
484 2310 515 2341 O
532 2322 538 2340 2
571 2311 672 2343 αἰτίας
692 2311 779 2348 vulg.
918 2314 994 2349 post
1013 2309 1092 2349 λε’-γε
1111 2308 1186 2338 add.
1205 2308 1266 2345 τὴν
1281 2307 1455 2348 μαρτυρίαν
1473 2305 1496 2336 S
1510 2305 1538 2335 Y
1550 2305 1581 2335 O
1598 2315 1604 2334 ἑ

277 2355 337 2392 τὴν
356 2355 534 2392 ἐπιστολὴν
552 2355 662 2393 vulg.:
690 2355 754 2385 del.
776 2352 903 2384 Reiske

1617 519 1633 539 Ο
1621 508 1631 514 ι

1623 839 1659 860 10

1627 1503 1664 1524 20
