1737 2734
91 554 107 584 5

73 886 111 907 10

72 1219 107 1250 ¹5

71 1552 109 1574 20

69 1885 104 1916 25

133 158 237 214 xxm]
481 162 610 202 KAT’
651 164 1106 203 ANAPOTlszNos

130 269 243 319 δίκην
261 267 468 319 ἐξαρκέσει
492 273 651 318 λαβεῖν,
673 270 774 308 οὕτω
794 269 884 310 τοὺς
905 270 1046 320 νόμους
1071 268 1198 319 θήσει,
1226 268 1309 320 μετ’
1330 269 1462 311 ἀδείας

130 337 297 376 ἔσεσθαι
330 335 505 376 πολλοὺς
535 335 727 386 πονηροὺς
757 335 904 387 ἡγεῖτο·
943 337 976 376 εἰ
1009 335 1042 376 δ’
1068 336 1119 377 ὡς
1151 339 1232 377 τοῖς
1265 335 1461 387 θρασέσιν

131 403 193 442 καὶ
219 404 398 442 δυνατοῖς
422 401 570 454 λέγειν,
596 403 685 443 τοὺς
717 403 871 444 ἰδιώτας
902 402 946 441 οὐ
974 401 1217 452 δυνήσεσθαι
1245 402 1313 443 τὸν
1344 402 1461 443 αὐτὸν

128 469 279 509 τούτοις
304 469 451 520 τρόπον
476 468 700 519 λαμβάνειν
727 469 847 518 δίκην.
919 472 999 509 δεῖν
1026 469 1058 509 δ’
1083 469 1177 524 ᾤετο
1202 468 1336 520 μηδέν’
1361 470 1457 510 ἀπο-

130 538 359 587 στερεῖσθαι
383 539 449 575 τοῦ
475 537 583 586 δίκης
608 539 755 589 τυχεῖν,
784 535 834 577 ὡς
861 536 1028 577 ἕκαστος
1053 537 1226 576 δύναται.
1286 539 1368 578 πῶς
1392 536 1460 576 οὖν

129 601 240 641 ἔσται
265 605 398 648 τοῦτο;
438 603 506 641 ἐὰν
532 604 687 643 πολλὰς
714 602 826 643 ὁδοὺς
851 604 902 656 δῷ
930 604 992 642 διὰ
1018 606 1096 642 τῶν
1126 603 1256 653 νόμων
1281 603 1346 643 ἐπὶ
1370 602 1460 644 τοὺς

129 668 362 718 ἠδικηκότας
387 670 470 708 οῖον
489 671 557 719 τῆς
584 671 746 719 κλοπῆς.
807 668 978 720 ἔρρωσαι
1005 670 1067 709 καὶ
1094 673 1224 723 σαυτῷ
1245 670 1458 711 πιστεύεις·

129 735 271 787 ἄπαγε·
315 737 357 775 ἐν
392 737 541 789 χιλίαις
577 735 610 775 δ’
644 737 664 774 ὁ
702 735 891 776 κίνδυνος.
962 735 1250 788 ἀσθενέστερος
1287 735 1334 776 εἶ·
1377 739 1460 778 τοῖς

129 801 321 855 ἄρχουσιν
362 803 527 854 ἐφηγοῦ’
576 806 689 842 τοῦτο
729 801 967 852 ποιήσουσιν
1007 804 1163 843 ἐκεῖνοι.
1233 806 1361 855 φοβεῖ
1398 803 1460 843 καὶ

128 872 254 908 τοῦτο·
292 868 460 921 γράφου.
535 868 783 921 καταμέμφει
809 869 979 909 σεαυτὸν
1006 870 1066 910 καὶ
1091 869 1211 920 πένης
1237 869 1290 910 ὢν
1316 870 1384 909 οὐκ
1410 870 1459 911 ἂν

130 935 239 988 ἔχοις
263 937 397 988 χιλίας
418 937 605 976 ἐκτεῖσαι·
644 935 800 986 δικάζου
820 939 971 986 κλοπῆς
991 936 1087 989 πρὸς
1108 936 1307 986 διαιτητὴν
1329 937 1391 976 καὶ
1415 936 1460 976 οὐ

131 1002 406 1043 κινδυνεύσεις.
476 999 696 1055 [οὐδέτερον
728 1004 870 1054 βούλει
904 1003 1065 1043 τούτων·
1105 1002 1275 1055 γράφου.
1345 1020 1456 1043 κατο-

131 1072 234 1110 κνεῖς
259 1070 321 1108 καὶ
345 1073 472 1108 τοῦτο·
510 1067 690 1121 ἐφηγοῦ.]
760 1069 908 1110 τούτων
938 1070 1052 1110 οὐδέν
1077 1071 1165 1110 ἐστι
1189 1069 1320 1110 ταύτό.
1390 1072 1460 1120 τῆς

130 1136 322 1185 ἀσεβείας
355 1137 453 1175 κατὰ
485 1135 593 1175 ταῦτ’
624 1135 708 1176 ἔστ’
739 1135 920 1188 ἀπάγειν,
954 1136 1195 1189 γράφεσθαι,
1231 1136 1459 1187 δικάζεσθαι

130 1202 225 1253 πρὸς
260 1203 527 1252 Εὐμολπίδας,
563 1203 722 1254 φαίνειν
759 1206 854 1255 πρὸς
891 1207 958 1242 τὸν
994 1203 1184 1254 βασιλέα.
1256 1205 1344 1256 περὶ
1380 1207 1458 1243 τῶν

128 1268 264 1308 ἄλλων
294 1268 481 1308 ἁπάντων
509 1269 578 1309 τὸν
609 1269 725 1309 αὐτὸν
755 1270 902 1320 τρόπον
936 1271 1097 1323 σχεδόν.
1170 1271 1203 1311 εἰ
1235 1269 1281 1320 δή
1316 1287 1374 1312 τις
1407 1271 1458 1312 ὡς

128 1337 202 1385 μὲν
224 1335 313 1387 οὐχὶ
340 1337 554 1387 κακοῦργός
580 1337 667 1376 ἐστι
691 1336 742 1387 μὴ
769 1335 894 1388 λέγοι.
921 1333 944 1386 ἢ
971 1336 1021 1378 ὡς
1046 1337 1112 1376 οὐκ
1139 1336 1306 1387 ἀσεβής,
1327 1334 1350 1387 ἢ
1375 1338 1397 1377 ὅ
1421 1354 1459 1377 τι

129 1400 265 1451 δήποτ’
291 1403 349 1452 εἵη
383 1401 431 1442 δι’
457 1402 477 1442 ὃ
504 1403 687 1453 κρίνοιτο,
715 1405 778 1442 διὰ
810 1406 930 1442 ταῦτα
961 1403 994 1442 δ’
1020 1404 1229 1455 ἐκφεύγειν
1255 1403 1396 1454 ἀξιοίη,
1423 1405 1457 1444 εἰ

128 1470 201 1518 μὲν
225 1468 451 1521 ἀπηγμένος
477 1471 550 1519 εἴη,
578 1470 677 1509 διότι
703 1469 799 1520 πρὸς
824 1470 1026 1520 διαιτητὴν
1057 1468 1150 1520 ἐξῆν
1179 1470 1281 1525 αὐτῷ
1314 1473 1457 1525 λαχεῖν

128 1532 150 1584 ἢ
185 1534 412 1587 γράφεσθαι
446 1538 559 1589 χρῆν,
595 1537 629 1576 εἰ
662 1538 703 1576 δὲ
738 1536 835 1588 πρὸς
868 1537 1044 1593 διαιτητῇ
1077 1538 1231 1590 φεύγοι,
1263 1538 1323 1577 ὅτι
1356 1540 1458 1591 χρῆν

129 1601 168 1640 σ’
194 1601 376 1654 ἀπάγειν,
409 1602 459 1642 ἵν’
486 1603 726 1645 ἐκινδύνευες
757 1603 845 1654 περὶ
879 1607 1034 1656 χιλιῶν,
1062 1604 1193 1656 γέλως
1222 1604 1269 1644 ἂν
1300 1606 1358 1655 εἴη
1388 1603 1455 1654 δή-

128 1671 283 1709 πουθεν.
355 1670 399 1709 οὐ
436 1671 511 1721 γὰρ
546 1671 614 1709 τόν
650 1687 695 1721 γε
731 1672 853 1720 μηδὲν
892 1672 1134 1720 πεποιηκότα
1170 1674 1230 1711 δεῖ
1265 1671 1353 1723 περὶ
1391 1675 1459 1711 τοῦ

127 1736 275 1787 τρόπον
309 1737 444 1776 ὅντινα
478 1736 554 1788 χρὴ
592 1737 742 1776 διδόναι
778 1738 888 1786 δίκην
926 1737 1164 1790 ἀντιλέγειν,
1200 1737 1291 1778 ἀλλ’
1325 1738 1377 1780 ὡς
1413 1738 1458 1778 οὐ

127 1801 307 1852 πεποίηκ’
341 1804 616 1843 ἐπιδεικνύναι.
688 1803 756 1843 τὸν
789 1803 907 1844 αὐτὸν
938 1804 983 1854 δὴ
1017 1805 1176 1856 τρόπον,
1204 1804 1454 1857 Ἀνδροτίων,

128 1869 191 1909 καὶ
216 1869 266 1909 σὺ
298 1868 350 1919 μὴ
377 1871 439 1909 διὰ
464 1869 570 1909 ταῦτ’
596 1871 680 1910 οἵου
706 1887 773 1910 σοι
799 1870 1016 1922 προσήκειν
1050 1871 1101 1921 μὴ
1128 1874 1262 1911 δοῦναι
1287 1873 1396 1921 δίκην
1421 1873 1456 1912 εἰ

126 1934 292 1987 γράφεις
316 1935 546 1987 ἡταιρηκώς,
573 1938 634 1976 ὅτι
660 1937 722 1976 καὶ
748 1937 844 1989 πρὸς
869 1937 958 1979 τοὺς
983 1938 1227 1989 θεσμοθέτας
1251 1938 1337 1978 ἔσθ’
1361 1938 1455 1988 ἡμῖν

126 2003 358 2054 ἐπαγγελία·
396 2003 488 2043 ἀλλ’
513 2000 535 2053 ἢ
566 2002 696 2053 δεῖξον
726 2003 770 2043 οὐ
799 2005 1042 2054 πεποιηκότα
1071 2008 1191 2044 ταῦτα
1222 2005 1403 2050 σεαυτόν,
1429 2002 1452 2054 ἦ

166 2121 187 2149 9
211 2115 310 2150 φοβηι
329 2111 352 2142 S
489 2122 526 2142 10
551 2120 755 2153 καταμεμφηι
772 2112 796 2142 S
934 2123 1037 2151 12—13
1062 2113 1230 2155 οὐδέτερον
1248 2138 1254 2143 .
1277 2139 1281 2144 .
1301 2138 1307 2144 .
1331 2115 1454 2154 ἐφηγοῦ

125 2154 188 2184 del.
208 2154 334 2193 Taylor
351 2166 357 2184 ἒ
382 2155 550 2197 οὐδέτερον
567 2180 574 2186 .
597 2181 602 2187 .
625 2181 629 2186 .
648 2156 749 2187 ταύτό
773 2156 851 2187 secl.
871 2155 964 2186 Weil
1156 2167 1192 2196 15
1218 2158 1343 2197 φαίνειν
1362 2157 1453 2187 Weil

125 2197 201 2228 coll.
219 2198 326 2229 schol.
345 2208 379 2237 p.
394 2199 469 2237 685,
490 2209 531 2228 22
548 2200 600 2230 ἵνα
616 2202 632 2230 ὁ
649 2200 804 2235 βασιλεὺς
824 2200 885 2238 τὴν
907 2200 1007 2240 φάσιν
1030 2202 1142 2237 λαβὼν
1165 2200 1277 2241 (φάσις
1299 2199 1333 2232 δὲ
1356 2213 1451 2238 κατη·

122 2241 231 2282 ’γορίας
248 2241 360 2281 ὄνομα)
378 2249 452 2273 κτλ.
473 2253 478 2272 :
504 2241 634 2283 φράζειν
651 2243 745 2273 codd.
884 2244 921 2273 18
947 2243 990 2283 εἰ]
1010 2245 1060 2275 καὶ
1079 2245 1107 2275 εἶ
1124 2244 1189 2274 FY
1203 2244 1232 2273 O
1367 2254 1409 2274 20
1433 2245 1452 2281 ἢ

126 2283 259 2314 Dobree
275 2296 282 2315 t
305 2286 357 2316 καὶ
376 2286 485 2323 codd.‚
508 2286 549 2316 cf.
571 2290 584 2321 ξ
605 2296 645 2324 25
763 2286 856 2324 prius
873 2289 957 2328 χρῆν
973 2288 1062 2325 vulg.
1080 2298 1086 2316 ε
1113 2289 1213 2328 ἐχρῆν
1231 2287 1255 2317 S
1268 2287 1296 2316 Y
1311 2287 1361 2317 O:
1386 2287 1452 2328 χρὴ

125 2326 208 2358 FB:
234 2327 300 2358 del.
321 2328 459 2367 Sauppe
572 2330 740 2366 διαιτητὴν
757 2329 788 2359 Α
946 2340 986 2359 22
1011 2333 1068 2361 τοῦ
1085 2331 1204 2371 τρόπον
1222 2330 1350 2361 Reiske
1365 2342 1371 2361 ε
1396 2332 1453 2362 τὸν

122 2370 240 2411 τρόπον
257 2371 281 2401 S
294 2370 320 2401 L
338 2372 426 2410 vulg.
446 2383 452 2402 ι
476 2374 534 2404 τοῦ
552 2372 670 2413 τρόπου
689 2372 714 2403 F
730 2382 816 2404 corr.
956 2382 997 2412 25
1023 2373 1142 2405 διδόναι
1160 2373 1189 2404 Α

1283 2428 1323 2459 9*

1493 165 1605 220 [601]

1491 476 1537 510 26

1492 883 1534 916 27

1488 1253 1609 1343 [ιω]

1487 1820 1531 1854 29
