1737 2734
93 117 192 171 {515]

178 237 193 271 5

91 422 196 475 [516]

177 1032 194 1065 Nl

652 118 1135 155 AHMOEQENOTE
1461 113 1546 167 [xx1

228 223 250 261 ὅ
277 239 315 262 τι
342 221 390 262 ἂν
421 223 569 262 δίκαιον
599 222 752 273 ἡγῆται.
826 223 859 262 εἰ
890 223 963 272 μὲν
996 222 1076 268 οὖν,
1104 220 1132 261 ὦ
1167 222 1304 273 ἄνδρες
1331 221 1546 272 Ἀθηναῖοι,

229 290 463 340 παρανόμων
490 286 512 338 ἦ
543 289 870 339 παραπρεσβείας
899 288 923 337 ἤ
947 305 1052 329 τινος
1077 289 1203 338 ἄλλης
1228 290 1352 329 αἰτίας
1379 289 1549 338 ἔμελλον

228 355 345 394 αὐτοῦ
374 358 604 405 κατηγορεῖν
634 355 827 404 τοιαύτης,
855 355 968 394 οὐδὲν
1001 354 1049 394 ἂν
1079 356 1185 404 ὑμῶν
1214 353 1347 403 ἠξίουν
1380 358 1546 400 δεῖσθαι,

230 422 396 471 νομίζων
432 424 484 474 τῷ
520 423 590 470 μὲν
629 421 831 474 κατηγόρῳ
869 422 958 472 περὶ
999 424 1076 461 τῶν
1112 421 1298 461 τοιούτων
1334 420 1549 472 προσήκειν

230 487 412 540 ἐλέγχειν
438 488 571 535 μόνον,
600 491 651 541 τῷ
681 489 723 527 δὲ
754 487 944 538 φεύγοντι
968 489 1030 527 καὶ
1056 490 1341 538 παραιτεῖσθαι.
1415 488 1547 536 ἐπειδὴ

228 556 270 593 δὲ
301 555 390 594 τούς
419 570 461 593 τε
492 555 623 604 κριτὰς
654 554 956 605 διαφθείραντος
985 554 1124 593 τούτου
1155 554 1215 593 καὶ
1247 556 1309 593 διὰ
1337 557 1451 593 τοῦτο
1479 556 1548 603 τῆς

230 623 359 671 φυλῆς
383 620 525 661 ἀδίκως
551 620 834 671 ἀφαιρεθείσης
864 620 933 660 τδι
962 621 1139 672 τρίποδα,
1169 621 1230 659 καὶ
1256 619 1368 662 αὐτὸς
1394 622 1549 671 πληγὰς

229 687 403 737 εἰληφὼς
435 686 495 725 καὶ
525 685 765 737 ὑβρισμειος
799 685 847 726 οῖ’
880 686 947 726 οὐκ
981 686 1050 726 οἶδ’
1086 689 1122 726 εἴ
1153 703 1211 728 τις
1239 686 1364 728 ἄλλος
1393 687 1529 726 πώποτ
1533 704 1549 727 ε

228 752 398 805 χορηγὸς
435 753 620 804 ὑβρίσθη,
653 751 700 802 ἣν
731 754 828 804 ὑπὲρ
863 754 1010 793 τούτων
1043 752 1321 805 ἀγαιακτήσας
1359 753 1418 792 καὶ
1456 770 1547 792 συν-

227 819 426 871 οργισθεὶς
460 821 806 872 καταχειροτονίαν
836 820 856 858 ὁ
885 821 1005 869 δῆμος
1038 819 1267 869 ἐποιήσατο,
1295 820 1440 869 ταύτην
1464 821 1547 859 εἰσ-

228 885 406 938 ἔρχομαι,
438 886 505 925 οὐκ
542 886 699 936 ὀκνήσω
738 886 798 925 καὶ
835 888 1001 926 δεῖσθαι.
1073 888 1106 926 εἰ
1141 888 1216 938 γὰρ
1251 887 1335 926 οἶόν
1370 902 1412 926 τε
1447 885 1550 924 τοῖτ’

229 953 365 998 εἰπεῖν,
394 953 472 1004 ἐγὼ
509 956 577 992 νῦν
615 953 763 1004 φεύγω,
792 954 900 1004 εἴπερ
936 952 1130 1004 υβρισθει
1133 969 1181 992 τα
1215 954 1406 1002 μηδεμιᾶς
1441 953 1550 1002 δίκης

227 1022 362 1071 τυχεῖν
398 1020 488 1059 εστί
521 1035 579 1060 τις
616 1018 815 1070 συμφορά.
877 1018 1013 1069 δέομαι
1049 1020 1116 1059 οἶν
1153 1021 1259 1069 ὑμῶν
1296 1017 1492 1067 ἁπάντων,
1521 1017 1549 1058 ὼ

226 1085 363 1136 ἀνδρες
389 1086 582 1130 δικασταί,
611 1086 673 1125 καὶ
701 1085 870 1131 ἱκετεύω,
898 1089 1052 1136 πρῶτον
1084 1088 1157 1135 μὲν
1179 1102 1243 1125 ενι
1248 1102 1361 1126 οικως
1386 1086 1554 1124 ἀκοῦσαί

225 1169 299 1202 μου
323 1152 524 1204 λέγοντος,
547 1151 680 1198 ἔπειτ’,
703 1153 770 1192 ἐὰν
791 1151 971 1202 ἐπιδείξω
999 1153 1167 1192 Μειδίαν
1187 1153 1339 1192 τουτονὶ
1359 1151 1411 1202 μὴ
1430 1151 1551 1202 μόνον

227 1219 281 1260 εἰς
307 1219 374 1269 ἐμὲ
401 1220 506 1259 ἀλλὰ
538 1220 599 1258 καὶ
627 1220 680 1260 εἰς
705 1220 803 1269 ὑμᾶς
831 1220 892 1259 καὶ
919 1220 972 1260 εἰς
1002 1218 1092 1260 τοὺς
1117 1219 1258 1268 νόμους
1291 1219 1354 1258 καὶ
1379 1219 1434 1259 εἰς
1462 1218 1551 1259 τοὺς

226 1285 373 1326 ἄλλους
422 1286 599 1326 ἅπαντας
638 1286 841 1337 ὑβρικότα,
879 1288 1084 1335 βοηθῆσαι
1125 1285 1186 1325 καὶ
1223 1285 1309 1335 ἐμοὶ
1357 1284 1418 1324 καὶ
1460 1285 1550 1334 ὑμῖν

226 1351 370 1394 αὐτοῖς.
442 1353 504 1392 καὶ
546 1354 621 1404 γὰρ
669 1353 768 1392 οὕτω
817 1369 899 1393 πως
947 1352 1043 1404 ἔχει,
1082 1349 1112 1391 ὦ
1154 1351 1292 1403 ἄνδρες
1333 1351 1550 1400 Ἀθηναῖοι·

224 1420 419 1469 ὕβρισμαι
453 1421 525 1468 μὲν
559 1419 636 1470 ἐγὼ
674 1419 736 1458 καὶ
772 1418 1143 1469 προπεπηλάκισται
1177 1417 1221 1457 τὸ
1260 1422 1375 1468 σῶμα
1409 1417 1552 1467 τούμὸν

224 1486 327 1531 τότε,
350 1486 578 1537 ἀγωνιεῖται
603 1488 644 1525 δὲ
670 1486 732 1525 καὶ
760 1485 985 1535 κριθήσεται
1010 1485 1055 1525 τὸ
1080 1487 1241 1536 πρᾶγμα
1266 1485 1362 1530 νυνί,
1383 1484 1551 1534 πότερον
1575 1502 1587 1522 2

226 1551 370 1602 ἐξεῖναι
396 1555 457 1592 δεῖ
474 1554 521 1591 τὰ
541 1555 700 1592 τοιαῦτα
720 1555 848 1592 ποιεῖν
873 1553 935 1592 καὶ
957 1553 1010 1593 εἰς
1030 1551 1099 1591 τὸν
1124 1550 1283 1604 τυχόνθ’
1303 1553 1410 1602 ὑμῶν
1429 1551 1551 1591 ἀδεῶς

224 1619 399 1670 ὑβρίζειν
433 1615 455 1668 ἦ
491 1618 556 1669 μή.
630 1620 666 1659 εἴ
695 1635 752 1659 τις
782 1619 850 1658 οὖν
883 1620 989 1668 ὑμῶν
1022 1618 1096 1669 ἄρα
1134 1619 1195 1658 καὶ
1225 1617 1293 1658 τὸν
1327 1617 1552 1669 ἔμπροσθεν

224 1686 371 1738 χρόνον
400 1689 477 1725 τῶν
509 1686 616 1726 ἰδίων
648 1685 752 1726 τινὸς
778 1686 908 1726 εἵνεκα
941 1686 1150 1737 γίγνεσθαι
1185 1684 1254 1724 τὸν
1280 1685 1415 1736 ἀγῶνα
1446 1684 1549 1724 τόνδ’

223 1751 521 1801 ὑπελάμβανεν,
549 1752 777 1802 ἐνθυμηθεὶς
807 1755 876 1792 νῦν
902 1753 962 1791 ὅτι
991 1753 1161 1805 δημοσίᾳ
1191 1751 1387 1803 συμφέρει
1414 1751 1550 1801 μηδενὶ

223 1821 344 1869 μηδὲν
370 1818 515 1869 ἐξεῖναι
541 1822 694 1858 τοιοῦτο
721 1822 860 1864 ποιεῖν,
890 1818 940 1859 ὡς
965 1820 1060 1870 ὑπὲρ
1088 1821 1217 1858 κοινοῦ
1237 1821 1304 1857 τοῦ
1324 1817 1551 1869 πράγματος
1575 1838 1586 1858 2

223 1887 337 1927 ὄντος
379 1886 440 1925 καὶ
488 1885 699 1938 προσέχων
742 1884 961 1931 ἀκουσάτω,
1002 1885 1064 1924 καὶ
1105 1887 1151 1924 τὰ
1200 1884 1406 1936 φαινόμεν’
1448 1885 1550 1937 αὐτῷ

223 1952 430 2003 δικαιότερ’
453 1952 564 1998 εἶναι,
592 1955 712 1991 ταῦτα
737 1951 1003 2003 ψηφισάσθω.
1078 1952 1353 2003 ἀναγνώσεται
1378 1953 1419 1990 δὲ
1445 1954 1547 2002 πρῶ-

222 2035 292 2058 τον
323 2021 395 2069 μὲν
423 2020 511 2069 ὑμῖν
544 2018 614 2058 τὸν
647 2019 767 2068 νόμον
797 2017 880 2058 καθ’
906 2017 951 2058 δν
982 2019 1085 2058 εἰσὶν
1119 2020 1158 2058 αἱ
1187 2017 1401 2069 προβολαί·
1452 2018 1550 2067 μετὰ

222 2087 263 2125 δὲ
289 2089 410 2125 ταῦτα
436 2086 498 2126 καὶ
526 2085 612 2137 περὶ
638 2089 715 2125 τῶν
741 2085 876 2124 ἄλλων
902 2084 1142 2136 πειράσομαι
1168 2084 1381 2124 διδάσκειν.
1447 2082 1550 2134 Λέγε

222 2152 291 2192 τὸν
316 2154 448 2202 νόμον.

268 2270 331 2299 2-3
365 2262 468 2297 ἄλλης
495 2285 501 2291 .
522 2285 528 2290 .
547 2284 553 2290 .
583 2263 776 2301 κατηγορεῖν
800 2260 948 2298 τοιαύτης
975 2260 1141 2290 SYOP:
1179 2261 1282 2297 ἄλλης
1310 2260 1460 2297 τοιαύτης
1485 2283 1492 2289 .
1510 2282 1517 2289 .
1540 2283 1545 2289 .

223 2307 415 2344 κατηγορεῖν
433 2304 523 2341 vulg.
543 2309 575 2333 et
594 2308 672 2335 1'orm
695 2305 812 2336 civim*
834 2304 915 2342 Pap.
1014 2313 1032 2341 5
1059 2303 1214 2344 ἐλέγχειν
1233 2304 1265 2333 δ’
1281 2303 1334 2333 A:
1360 2303 1549 2343 ἐξελέγχειν

224 2347 312 2385 vulg.
335 2348 358 2376 5
377 2357 459 2377 corr.
480 2357 519 2376 m.
540 2353 607 2377 ant.
750 2349 788 2377 16
812 2349 863 2379 καὶ
882 2350 924 2379 εἰς
942 2347 1015 2379 τοὺς
1033 2347 1144 2385 νόμους
1161 2357 1225 2377 om.
1248 2347 1342 2385 Pap.‚
1360 2347 1435 2376 swrt.
1456 2352 1547 2376 recte

224 2400 265 2429 23
298 2392 402 2422 ε’(νεκα
426 2390 475 2420 Y:
510 2391 603 2422 ἕνεκα
628 2389 651 2421 S
677 2390 777 2429 vulg,
804 2390 845 2421 cs.
871 2401 915 2420 xx
945 2401 955 2419 1
1100 2400 1140 2428 27
1173 2390 1353 2429 δικαιότερα
1378 2389 1548 2419 SYOP:

224 2435 409 2465 δικαιότατα
425 2433 513 2471 vulg.

1575 835 1612 857 10
