1737 2734
113 856 149 877 10

108 1523 147 1545 20

170 129 286 185 xxw]
508 136 666 172 ΚΑΤΑ
713 134 1165 172 ΤΙΜΟΚΡΑΤΟΎΣ

167 236 189 288 ἦ
217 239 367 278 ἐκείνου
393 239 519 291 χρεία,
542 239 638 279 ὅταν
663 239 721 280 οἷς
746 239 947 289 τετίμηται
973 240 1121 289 δεσμοῦ
1147 238 1331 283 λύωνται,
1361 237 1432 277 κᾶν
1456 237 1500 277 τὸ

167 304 311 345 λοιπὸν
336 304 529 356 τιμήσητέ
554 323 620 360 τῳ,
647 307 769 356 μηδὲν
793 306 884 356 ὑμῖν
908 304 934 361 ᾗ
956 304 1099 351 πλέον;

237 375 312 412 Δεῖ
334 373 465 412 τοίνυν
489 373 588 422 ὑμᾶς
615 373 768 412 κάκεῖνο
795 376 973 417 σκοπεῖν,
996 373 1056 411 ὅτι
1081 371 1228 411 πολλοὶ
1253 374 1331 410 τῶν
1350 369 1499 420 Ἑλλή-

170 455 247 477 νων
273 437 468 479 πολλάκις
494 439 599 479 εἰσὶν
633 438 910 491 ἐψηφισμένοι
938 443 1020 479 τοῖς
1051 439 1186 488 νόμοις
1219 440 1395 490 χρῆσθαι
1420 440 1502 479 τοῖς

168 504 381 557 ὑμετέροις,
409 505 473 557 ἐφ’
501 504 530 560 ᾧ
558 505 829 557 φιλοτιμεῖσθ’
854 506 976 555 ὑμεῖς,
1010 506 1182 546 εἰκότως·
1220 503 1241 543 ὃ
1272 505 1347 556 γὰρ
1376 505 1500 544 εἰπεῖν

167 571 256 611 τινά
281 577 409 624 φασιν
435 573 478 611 ἐν
501 573 604 622 ὑμῖν,
627 573 773 621 ἀληθὲς
798 571 902 611 εἶναί
922 588 990 622 μοι
1013 574 1133 616 δοκεῖ,
1161 572 1220 610 ὄτι
1244 570 1334 612 τοὺς
1359 571 1500 621 νόμους

168 638 338 679 ἅπαντες
354 637 642 689 ὑπειλήφασιν,
659 639 749 677 ὅσοι
766 641 1039 690 σωφρονοῦσι,
1058 638 1226 690 τρόπους
1245 640 1314 687 τῆς
1332 638 1497 679 πόλεως.

169 705 244 757 χρὴ
270 706 402 745 τοίνυν
432 704 670 754 σπουδάζειν
700 706 808 746 ὅπως
840 705 891 746 ὡς
924 704 1138 755 βέλτιστοι
1166 703 1354 754 δόξουσιν
1384 704 1496 749 εἶναι,

169 771 232 810 καὶ
257 772 348 813 τοὺς
371 771 680 822 λυμαινομένους
706 772 769 811 καὶ
793 771 1110 823 διαστρέφοντας
1135 771 1274 812 αὐτοὺς
1305 770 1496 821 κολάζειν,

169 837 219 878 ὡς
246 839 279 878 εἰ
306 838 687 891 καταρρᾳθυμήσετε,
709 840 778 887 τῆς
797 839 1030 889 φιλοτιμίας
1048 854 1090 878 τε
1109 838 1252 887 ταύτης
1276 837 1496 889 ἀποστερή-

169 907 293 944 σεσθε
328 905 389 944 καὶ
423 907 520 944 κατὰ
553 906 621 954 τῆς
653 905 808 945 πόλεως
846 904 964 954 δόξαν
1001 904 1046 944 οὐ
1081 904 1263 957 χρηστὴν
1295 903 1496 955 ποιήσετε.

169 971 231 1010 καὶ
255 970 332 1021 μὴν
358 972 392 1011 εἰ
416 971 583 1011 Σόλωνα
609 971 671 1010 καὶ
699 970 907 1022 Δράκοντα
931 973 1089 1013 δικαίως
1119 973 1330 1016 ἐπαινεῖτε,
1357 971 1425 1011 οὐκ
1450 971 1497 1011 ἂν

167 1037 327 1090 ἔχοντες
358 1039 482 1077 εἰπεῖν
515 1037 718 1089 οὐδετέρου
745 1041 876 1077 κοινὸν
907 1037 1132 1090 εὐεργέτημ’
1158 1038 1270 1078 οὐδὲν
1299 1038 1405 1087 πλὴν
1438 1039 1498 1077 ὅτι

168 1103 447 1156 συμφέροντας
485 1104 629 1154 ἔθηκαν
670 1106 731 1144 καὶ
771 1108 902 1145 καλῶς
944 1105 1110 1156 ἔχοντας
1152 1105 1306 1155 νόμους,
1348 1105 1497 1144 δίκαιον

167 1170 292 1221 δήπου
319 1171 380 1211 καὶ
400 1174 482 1212 τοῖς
500 1171 740 1213 ὑπεναντίως
759 1174 927 1211 τιθεῖσιν
949 1172 1112 1212 ἐκείνοις
1137 1172 1306 1223 ὀργίλως
1331 1171 1496 1223 ἔχοντας

168 1238 230 1277 καὶ
265 1237 503 1286 κολάζοντας
537 1239 765 1290 φαίνεσθαι.
838 1238 925 1277 οἶδα
961 1241 1003 1278 δὲ
1034 1237 1298 1290 Τιμοκράτην,
1333 1238 1394 1278 ὅτι
1429 1242 1497 1278 τὸν

166 1306 289 1355 νόμον
314 1303 547 1357 εἰσενήνοχε
571 1308 709 1344 τοῦτον
735 1304 808 1358 οὐχ
833 1304 963 1354 ἥκισθ’
982 1306 1077 1356 ὑπὲρ
1098 1306 1228 1344 αὑτοῦ·
1261 1307 1397 1345 πολλὰ
1421 1306 1496 1357 γὰρ

165 1371 300 1423 ἡγεῖτο
324 1372 607 1411 πολιτεύεσθαι
634 1371 724 1423 παρ’
748 1372 840 1421 ὑμῖν
864 1371 955 1422 ἄξια
981 1374 1142 1422 δεσμοῦ.

234 1439 433 1489 Βούλομαι
458 1439 590 1478 τοίνυν
615 1439 705 1488 ὑμῖν
732 1439 888 1478 κάκεῖνο
914 1438 1196 1490 διηγήσασθαι,
1223 1439 1245 1478 ὅ
1269 1440 1378 1490 φασί
1408 1438 1494 1478 ποτ’

166 1506 291 1545 εἰπεῖν
330 1506 496 1545 Σόλωνα
535 1508 825 1557 κατηγοροῦντα
863 1505 984 1556 νόμον
1022 1505 1128 1546 τινὸς
1167 1505 1235 1546 οὐκ
1275 1504 1494 1555 ἐπιτήδειον

166 1571 314 1613 θέντος.
385 1571 546 1624 λέγεται
577 1574 652 1624 γὰρ
681 1575 763 1613 τοῖς
795 1575 999 1613 δικασταῖς
1032 1572 1149 1612 αὐτὸν
1184 1573 1323 1619 εἰπεῖν,
1359 1572 1493 1621 ἐπειδὴ

164 1638 295 1679 τᾶλλα
315 1640 598 1691 κατηγόρησεν,
618 1639 677 1678 ὅτι
697 1639 815 1690 νόμος
836 1640 948 1680 ἐστὶν
965 1639 1152 1685 ἁπάσαις,
1171 1639 1221 1680 ὡς
1241 1639 1334 1680 ἔπος
1354 1640 1491 1684 εἰπεῖν,

165 1709 252 1748 ταῖς
282 1707 465 1751 πόλεσιν,
492 1705 560 1746 ἐάν
594 1722 651 1747 τις
683 1705 728 1745 τὸ
761 1706 937 1756 νόμισμα
970 1706 1193 1762 διαφθείρῃ,
1221 1704 1394 1746 θάνατον
1422 1705 1494 1754 τὴν

806 1772 836 1786 <xj

168 1772 306 1823 ζημίαν
332 1772 445 1812 εῖναι.
520 1771 773 1824 ἐπερωτήσας
803 1786 823 1811 ο
864 1775 897 1813 εἰ
931 1774 1079 1814 δίκαιος
1109 1772 1241 1814 αὐτοῖς
1273 1772 1335 1812 καὶ
1364 1776 1493 1813 καλῶς

127 1857 141 1887 g
165 1839 270 1892 ἔχων
295 1840 315 1878 ὁ
340 1840 459 1890 νόμος
485 1840 682 1891 φαίνεται,
711 1839 844 1889 ἐπειδὴ
872 1842 1002 1892 φῆσαι
1026 1840 1116 1882 τοὺς
1140 1839 1342 1885 δικαστάς,
1369 1840 1492 1879 εἰπεῖν

164 1906 223 1945 ὅτι
259 1905 374 1947 αὐτὸς
409 1906 562 1957 ἡγεῖται
600 1906 782 1958 ἀργύριον
817 1909 890 1957 μὲν
930 1906 1090 1958 νόμισμ’
1129 1906 1229 1946 εἶναι
1267 1910 1346 1946 τῶν
1385 1906 1494 1946 ἰδίων

165 1972 510 2024 συναλλαγμάτων
548 1973 677 2012 εἵνεκα
715 1976 798 2014 τοῖς
838 1974 1010 2015 ἰδιώταις
1052 1973 1278 2026 εὑρημένον,
1319 1972 1410 2015 τοὺς
1450 1975 1492 2013 δὲ

164 2039 306 2088 νόμους
334 2036 499 2091 [ἡγοῖτο]
531 2040 706 2089 νόμισμα
735 2042 804 2089 τῆς
836 2041 993 2082 πόλεως
1024 2040 1136 2080 εἶναι.
1208 2043 1290 2080 δεῖν
1323 2040 1370 2089 δὴ
1403 2039 1493 2081 τοὺς

163 2107 352 2147 δικαστὰς
372 2109 510 2159 πολλῷ
537 2108 709 2156 μᾶλλον,
733 2108 769 2146 εἴ
792 2123 849 2148 τις
875 2106 895 2146 ’ὸ
921 2110 991 2157 τῆς
1016 2107 1170 2148 πόλεώς
1196 2107 1283 2146 ἐστι
1302 2107 1490 2157 νόμισμα,

211 2226 224 2245 1
252 2216 373 2248 ἐκείνου
392 2216 434 2246 F:
462 2216 591 2248 ἐκείνων
609 2215 632 2246 S
650 2215 692 2246 al.
899 2226 916 2255 7
944 2218 977 2247 ἐν
995 2218 1066 2255 ὑμῖν
1083 2220 1160 2255 post
1178 2215 1395 2256 ὑπειλήφασιν
1412 2216 1488 2246 add.

165 2259 189 2288 F
201 2259 231 2289 Y
244 2259 274 2290 Ο
364 2260 442 2291 εἶναι
461 2264 537 2298 post
554 2259 680 2291 πόλεως
696 2260 772 2290 add.
792 2260 881 2297 vulg.
901 2271 907 2289 z
931 2269 997 2289 om.
1019 2259 1042 2288 S
1054 2259 1084 2289 A
1097 2259 1127 2289 O
1242 2259 1262 2288 8
1287 2261 1327 2290 ὡς
1345 2269 1410 2289 om.
1431 2259 1454 2289 S
1468 2259 1492 2289 F

167 2313 206 2332 10
228 2303 428 2342 ραθυμήσετε
447 2303 524 2344 (Sic)
547 2303 572 2332 F
661 2303 966 2344 ἀποστερηθήσεσθε
986 2302 1051 2332 FY
1066 2302 1096 2332 O
1223 2311 1260 2341 15
1286 2303 1491 2334 ὑπεναντίους

162 2344 192 2374 Α
204 2345 234 2375 Y
247 2345 278 2376 Ο
367 2348 507 2378 τεθεῖσιν
525 2345 548 2376 S
567 2345 660 2376 solus
757 2356 798 2385 27
825 2348 930 2379 εἵνεκα
947 2345 970 2376 S
988 2357 995 2375 :
1020 2345 1114 2377 ἕνεκα
1129 2344 1219 2385 vulg.
1312 2346 1353 2375 28
1377 2346 1492 2385 ἡγοῖτο

162 2389 250 2427 vulg.
270 2400 277 2419 :
300 2389 415 2429 ἡγεῖτο
433 2388 457 2419 S
474 2401 480 2420 ;
505 2389 585 2420 secl.
606 2388 716 2419 Cobet

1532 134 1646 188 [765]

1534 388 1600 412 210

1529 988 1592 1013 211

1526 1454 1591 1478 212

1525 1822 1644 1876 [766]

1525 1888 1592 1921 213
