1737 2734
110 539 127 570 5

92 871 131 894 10

91 1205 126 1237 ¹5

90 1539 128 1561 20

151 122 270 177 xxm]
466 124 594 166 KAT’
637 127 1153 166 APIETOKPATOTE

703 245 921 272 ΜΑΡΊὝΡΕΣ.

216 321 331 359 Μετὰ
359 323 482 361 ταῦτα
510 322 652 366 τοίνυν,
686 320 818 369 ἐπειδὴ
852 321 1132 372 Κηφισόδοτος
1159 323 1232 371 μὲν
1262 318 1477 371 ἀπηλλάγη

146 389 215 425 τοῦ
236 390 488 438 στρατηγεῖν,
505 386 594 438 ὑμῖν
615 387 646 427 δ’
663 386 732 427 οὐκ
752 387 913 427 ἐδόκουν
934 390 1064 428 καλῶς
1082 386 1193 440 ἔχειν
1212 385 1302 426 οὐδὲ
1321 387 1479 428 δικαίως

148 454 187 492 αἱ
217 452 314 504 πρὸς
344 454 494 493 ἐκεῖνον
525 457 743 505 γραφεῖσαι
772 455 977 503 συνθῆκαι,
1009 453 1079 493 τὸν
1107 455 1179 503 μὲν
1206 452 1477 503 Μιλτοκύθην,

148 519 217 559 τὸν
246 521 311 559 διὰ
340 519 486 562 παντὸς
516 521 653 560 εὔνουν
681 519 772 570 ὑμῖν
796 523 864 560 τοῦ
893 519 1052 573 χρόνον,
1079 520 1221 567 λαβὼν
1245 518 1478 572 προδοθένθ’

147 584 223 626 ὑπὸ
247 589 314 626 τοῦ
340 588 605 637 Σμικυθίωνος
631 587 651 626 ὁ
675 589 849 639 χρηστὸς
874 586 986 628 οὗτος
1011 587 1250 638 Χαρίδημος,
1271 585 1340 626 οὐκ
1365 587 1480 628 ὄντος

150 653 316 703 νομίμου
330 657 411 695 τοῖς
428 652 586 706 Θρᾳξὶν
603 652 806 703 ἀλλήλους
823 653 1115 698 ἀποκτιννύναι,
1133 653 1251 704 γνοὺς
1267 654 1328 693 ὅτι
1345 651 1476 702 σωθή-

150 735 263 759 σεται
291 720 385 771 πρὸς
410 719 729 771 Κερσοβλέπτην
756 719 803 759 ἂν
830 721 945 776 ἀχθῇ,
975 721 1222 771 παραδίδωσι
1245 722 1479 771 Καρδιανοῖς

149 789 230 827 τοῖς
263 785 462 837 ὑμετέροις
494 788 663 839 ἐχθροῖς.
737 786 909 826 κάκεῖνοι
942 787 1140 836 λαβόντες
1169 787 1233 826 καὶ
1266 786 1387 827 αὐτὸν
1417 786 1479 826 καὶ

148 856 217 892 τὸν
248 853 345 898 υἱόν,
380 853 647 905 ἀναγαγόντες
680 854 736 894 εἰς
769 852 814 893 τὸ
847 852 1024 905 πέλαγος
1054 854 1096 893 ἐν
1130 854 1271 907 πλοίῳ,
1306 852 1375 893 τὸν
1406 856 1479 904 μὲν

149 919 232 959 υἱὸν
261 918 514 971 ἀπέσφαξαν,
546 920 698 959 ἐκεῖνον
730 919 763 959 δ’
791 920 976 960 ἐπιδόντα
1005 919 1072 959 τὸν
1101 920 1184 959 υἱὸν
1219 920 1476 972 ἀποσφαττό-

148 1001 271 1036 μενον
306 986 607 1026 κατεπόντισαν.
678 990 756 1026 τῶν
790 989 832 1027 δὲ
866 989 1038 1039 Θρᾳκῶν
1073 986 1259 1026 ἁπάντων
1291 990 1478 1040 χαλεπῶς

150 1052 392 1104 ἐνεγκόντων
411 1053 475 1092 ἐπὶ
499 1053 663 1098 τούτοις,
687 1053 749 1092 καὶ
775 1053 1088 1105 συστραφέντων
1107 1057 1174 1092 τοῦ
1192 1070 1235 1093 τε
1258 1053 1479 1105 Βηρισάδου

150 1120 213 1159 καὶ
249 1122 316 1159 τοῦ
350 1118 582 1169 Ἀμαδόκου,
618 1120 710 1160 ἰδὼν
747 1119 814 1160 τὸν
852 1122 985 1171 καιρὸν
1020 1123 1159 1159 τοῦτον
1192 1119 1477 1172 Ἀθηνόδωρος,

150 1187 381 1238 συμμαχίαι·
400 1185 669 1236 ποιησάμενος
694 1186 791 1238 πρὸς
816 1186 977 1228 τούτους
1002 1187 1083 1228 οἶος
1109 1185 1156 1236 ἦν
1180 1190 1383 1237 πολεμεῖν.
1437 1188 1480 1227 ἐν

149 1253 269 1307 φόβῳ
295 1254 336 1293 δὲ
367 1252 638 1294 καταστάντος
663 1257 731 1292 τοῦ
758 1252 1074 1304 Κερσοβλέπτου
1097 1252 1244 1305 γράφει
1268 1254 1289 1293 ὁ
1314 1253 1479 1303 Ἀθηνό-

149 1323 269 1371 δωρος
286 1318 495 1369 συνθήκας,
516 1319 600 1359 καθ’
617 1320 662 1361 ἃς
682 1319 893 1372 ἀναγκάζει
912 1320 981 1359 τὸν
1000 1319 1320 1371 Κερσοβλέπτην
1336 1320 1481 1370 ὀμόσαι

148 1387 245 1437 πρός
270 1385 304 1426 θ’
323 1385 422 1437 ὑμᾶς
447 1388 509 1427 καὶ
534 1386 624 1428 τοὺς
649 1386 850 1437 βασιλέας
875 1385 975 1427 εἶναι
999 1389 1072 1437 μὲν
1095 1386 1167 1436 τὴν
1193 1386 1321 1440 ἀρχὴν
1348 1387 1480 1437 κοινὴν

147 1455 216 1503 τῆς
242 1451 403 1508 Θρᾴκης
430 1455 484 1495 εἷς
508 1457 612 1505 τρεῖς
639 1452 888 1509 διῃρημένην,
916 1452 1067 1494 πάντας
1093 1453 1125 1493 δ’
1149 1452 1239 1504 ὑμῖν
1264 1454 1480 1495 ἀποδοῦναι

147 1519 218 1569 την
244 1520 391 1573 χώραν.
463 1520 514 1561 ὡς
544 1520 576 1559 δ’
604 1521 645 1560 ἐν
672 1521 946 1573 ἀρχαιρεσίαις
976 1519 1085 1570 ὑμεῖς
1110 1522 1295 1572 Χαβρίαν
1321 1521 1385 1561 ἐπὶ
1409 1520 1480 1560 τὸν

148 1587 325 1637 πόλεμον
344 1590 481 1627 τοῦτον
503 1585 788 1637 κατεστήσατε,
807 1587 870 1627 καὶ
890 1590 942 1641 τῷ
962 1588 1034 1637 μὲν
1050 1586 1308 1642 Ἀθηνοδώρῳ
1326 1587 1478 1638 συνέβη

148 1656 348 1705 διαφεῖναι
377 1653 450 1703 τὴν
480 1654 644 1704 δύναμιν
680 1653 849 1706 χρήματ’
876 1653 944 1693 οὐκ
978 1654 1112 1707 ἔχοντι
1140 1653 1230 1705 παρ’
1262 1652 1370 1704 ὑμῶν
1400 1654 1479 1694 οὐδ’

149 1720 335 1772 ἀφορμὴν
359 1724 410 1774 τῷ
437 1719 612 1774 πολέμῳ,
635 1724 688 1775 τῷ
710 1722 871 1774 Χαβρίᾳ
896 1723 937 1761 δὲ
962 1722 1055 1770 μίαν
1081 1723 1176 1760 ναῦν
1196 1721 1331 1774 ἔχοντι
1355 1721 1480 1771 μόνην

148 1788 323 1833 ἐκπλεῖν,
350 1789 392 1827 τί
416 1790 524 1828 ποιεῖ
550 1787 673 1827 πάλιν
698 1787 810 1828 οὗτος
841 1788 861 1826 ὁ
887 1788 1135 1839 Χαρίδημος;
1173 1788 1218 1828 ἃς
1247 1789 1322 1838 μὲν
1347 1788 1480 1838 ὤμοσε

149 1853 245 1904 πρὸς
273 1853 343 1893 τὸν
367 1853 642 1905 Ἀθηνόδωρον
677 1852 874 1903 συνθήκας
908 1853 1070 1905 ἔξαρνος
1102 1855 1283 1905 γίγνεται
1316 1855 1378 1894 καὶ
1411 1854 1480 1894 τὸν

149 1919 468 1972 Κερσοβλέπτην
497 1920 702 1971 ἀρνεῖσθαι
731 1922 870 1965 πείθει,
897 1921 1044 1973 γράφει
1073 1920 1106 1960 δ’
1132 1920 1266 1973 ἑτέρας
1291 1920 1388 1972 πρὸς
1412 1921 1480 1961 τὸν

149 1987 334 2038 Χαβρίαν
354 1986 412 2027 ἔτι
430 1990 509 2026 τῶν
529 1989 625 2037 πρὸς
646 1987 929 2039 Κηφισόδοτον
949 1986 1185 2039 δεινοτέρας·
1223 1987 1291 2027 οὐκ
1316 1987 1421 2041 ἔχων
1447 1987 1479 2028 δ’

147 2054 308 2099 ἐκεῖνος,
330 2052 449 2103 οἶμαι,
473 2053 638 2103 δύναμιν
664 2053 846 2105 στέργειν
871 2053 1114 2105 ἠναγκάζετο
1139 2054 1306 2095 τούτοις.
1361 2055 1476 2095 ἀκού-

195 2173 227 2192 11
262 2164 320 2195 τὸν
345 2164 411 2194 υἱὸν
435 2162 514 2193 secl.
541 2162 638 2193 Blass
790 2172 826 2201 15
859 2164 934 2203 πρὸς
958 2162 1093 2195 τούτους
1118 2173 1184 2194 om.
1214 2163 1270 2194 S':
1302 2163 1428 2195 τούτοις
1455 2162 1480 2194 F

148 2205 212 2238 οἶος
231 2205 268 2237 Sl
281 2206 312 2236 A
325 2206 398 2236 ΥΟ
415 2217 422 2236 :
447 2206 511 2238 οἶός
527 2206 557 2237 τ’
576 2206 680 2245 vulg.,
698 2206 740 2236 cf.
760 2206 793 2236 iv
808 2216 830 2244 9
975 2208 1013 2236 16
1038 2209 1054 2238 ὁ
1071 2217 1136 2237 om.
1155 2206 1208 2237 A:
1233 2209 1248 2238 ὁ
1267 2206 1479 2248 Ἀθηνόδωρος

148 2250 227 2280 secl.
250 2250 417 2280 Benseler
586 2259 621 2288 17
647 2248 716 2281 καθ’
735 2250 769 2282 ἃς
792 2259 858 2280 om.
877 2247 925 2289 8¹,
947 2249 1022 2280 add.
1043 2251 1182 2280 eadem:
1218 2252 1252 2281 ἐν
1276 2249 1324 2282 αἶς
1341 2250 1370 2280 Α
1385 2249 1409 2279 F
1424 2263 1476 2291 γρ.

152 2293 190 2323 18
214 2293 296 2332 ἡμᾶς
314 2293 337 2324 S
351 2293 381 2323 Y
393 2292 422 2323 Ο
436 2292 462 2323 F
579 2294 655 2333 πρὸς
672 2293 746 2325 τοὺς
762 2292 794 2323 Α
806 2292 837 2323 Υ
849 2291 880 2323 Ο
1050 2303 1089 2332 19
1114 2294 1186 2325 τοὺς
1203 2298 1282 2323 ante
1299 2296 1384 2335 τρεῖς
1400 2294 1475 2325 add.

149 2335 246 2367 Blass
417 2346 459 2374 23
491 2336 638 2378 ἀφορμὴν
661 2336 810 2375 οὐδεμίαν
835 2335 861 2366 F
1024 2346 1065 2375 24
1096 2336 1196 2368 πάλιν
1220 2342 1295 2375 post
1320 2339 1406 2368 ποιεῖ
1427 2337 1478 2367 A:

148 2384 229 2410 ante
253 2382 339 2411 ποιεῖ
362 2379 385 2410 S
411 2379 499 2419 vulg.
622 2382 639 2411 ὁ
663 2380 843 2421 Χαρίδημος
866 2378 946 2410 secl.
966 2378 1183 2410 Herwerden
1355 2381 1398 2410 26
1420 2382 1479 2413 τὸν

148 2432 215 2454 om.
234 2422 265 2454 A

1509 126 1629 181 [676]

1513 326 1577 369 169

1510 655 1622 710 [677]

1514 998 1580 1031 170

1515 1531 1573 1564 171
