1737 2734
113 151 222 204 [547]

156 1275 219 1308 104

149 2006 209 2042 105

679 153 1162 190 AHMOEOENOTE
1494 151 1583 204 [xxt

257 256 310 296 ἔτ’
349 256 441 296 ἄλλ’
480 256 591 309 εῖχον
634 259 864 307 κατηγορεῖν
906 257 1082 301 Μειδίου,
1120 259 1217 307 μηδὲ
1253 257 1438 310 δεινότερ’
1477 257 1525 308 ἦν
1562 261 1585 299 ἃ

256 322 391 371 με’λλω
417 322 551 373 λέγειν
577 324 632 362 ὧν
657 324 803 374 εἴρηκα,
826 324 983 364 δικαίως
1008 323 1056 362 ἂν
1081 324 1178 373 ὑμᾶς
1197 326 1239 363 ἐκ
1265 329 1343 364 τῶν
1369 325 1583 376 εἰρημένων

259 390 320 428 καὶ
346 390 709 440 καταψηφίσασθαι
735 390 796 429 καὶ
821 393 936 439 τιμᾶν
961 390 1062 443 αὐτῷ
1088 394 1166 429 τῶν
1191 389 1388 442 ἐσχάτων.
1437 392 1481 432 οὐ
1505 392 1583 442 μὴν

259 455 409 495 ἐνταῦθ’
445 456 588 505 ἕστηκε
624 455 668 495 τὸ
702 459 874 507 πρᾶγμα,
906 455 984 495 οὐδ’
1018 456 1235 507 ἀπορήσειν
1272 474 1337 506 μοι
1374 461 1473 497 δοκῶ
1506 463 1584 498 τῶν

255 525 353 571 μετὰ
378 526 511 562 ταῦτα·
549 522 747 571 τοσαύτην
767 524 962 574 ἀφθονίαν
983 523 1093 562 οὗτος
1115 523 1301 572 πεποίηκε
1329 529 1583 575 κατηγοριῶν.

208 606 220 614 ⁶
256 590 315 628 ὅτι
339 591 412 638 μὲν
438 589 483 638 δὴ
517 588 751 638 λιποταξίου
781 589 939 641 γραφὴν
966 589 1259 628 κατεσκεύασεν
1291 589 1372 629 κατ’
1397 592 1491 640 ἐμοῦ
1522 593 1584 631 καὶ

255 656 322 695 τὸν
356 659 468 694 τοῦτο
503 654 707 704 ποιήσοντ’
738 656 1005 705 ἐμισθώσατο,
1036 655 1103 694 τὸν
1136 656 1277 706 μιαρὸν
1308 657 1369 696 καὶ
1398 657 1491 696 λίαν
1521 659 1580 698 εὐ-

255 724 364 774 χερῆ,
408 722 476 762 τὸν
525 726 725 773 κονιορτὸν
775 721 1017 771 Εὐκτήμονα,
1068 721 1188 761 ἐάσω.
1275 723 1336 762 καὶ
1380 725 1454 774 γὰρ
1501 724 1581 763 οὔτ’

254 790 483 839 ἀνεκρίνατο
509 789 653 838 ταύτην
679 790 699 828 ὁ
725 788 980 840 συκοφάντης
1002 790 1161 833 ἐκεῖνος,
1185 788 1266 828 οὔθ’
1293 789 1404 830 οὗτος
1424 789 1582 831 οὐδενὸς

254 855 369 895 εἵνεκ’
402 856 520 895 αὐτὸν
553 856 805 905 ἐμισθώσατο
839 855 944 904 πλὴν
974 855 1022 894 ἵν’
1056 855 1231 894 ἐκκέοιτο
1262 856 1338 905 πρὸ
1370 860 1448 895 τῶν
1478 858 1579 897 ἐπω-

253 923 383 971 νύμων
421 923 483 962 καὶ
520 921 663 962 πάντες
701 923 822 975 ὁρῷεν
860 920 1103 972 ίΕὐκτήμων
1146 922 1339 963 Λουσιεὺς
1376 922 1581 974 ἐγράψατο

255 988 520 1038 Δημοσθένην
542 988 735 1028 Παιανιέα
762 988 1004 1038 λιποταξίου·
1022 988 1031 1002 ’
1070 989 1135 1028 καί
1149 1005 1215 1038 μοι
1241 991 1347 1028 δοκεῖ
1366 989 1436 1029 κᾶν
1456 1007 1579 1041 προσ*

252 1055 406 1106 γράψαι
425 1055 529 1094 τοῦθ’
550 1054 684 1104 ἡδέως,
708 1057 742 1094 εἵ
767 1072 846 1096 πως
867 1057 972 1104 ἐνῆν,
994 1056 1054 1095 ὅτι
1081 1056 1245 1095 Μειδίου
1269 1056 1580 1106 μισθωσαμένου

252 1121 484 1172 γέγραπται.
555 1121 647 1161 ἀλλ’
681 1123 730 1161 ἐῶ
763 1125 891 1160 τοῦτο·
941 1122 1006 1173 ἐφ’
1038 1120 1061 1177 ᾗ
1097 1124 1172 1173 γὰρ
1207 1123 1355 1164 ἐκεῖνος
1386 1123 1581 1173 ἠτίμωκεν

252 1189 368 1228 αὑτὸν
394 1188 461 1228 οὐκ
486 1186 724 1238 ἐπεξελθών,
752 1187 933 1238 οὐδεμιᾶς
959 1189 1077 1240 ἔγωγ’
1103 1189 1160 1228 ἔτι
1186 1189 1430 1239 προσδέομαι
1455 1192 1577 1240 δίκης,
1623 1209 1637 1239 ,-

251 1255 342 1295 ἀλλ’
368 1255 505 1305 ἱκανὴν
532 1256 625 1308 ἔχω.
697 1254 788 1294 ἀλλ’
817 1254 838 1294 ὃ
870 1256 930 1295 καὶ
961 1256 1102 1300 δεινόν,
1131 1253 1159 1295 ὦ
1190 1255 1329 1306 ἄνδρες
1358 1256 1577 1306 Ἀθηναῖοι,

251 1323 313 1362 καὶ
339 1322 530 1376 σχέτλιον
557 1323 619 1362 καὶ
646 1322 774 1362 κοινὸν
795 1321 920 1373 ἔμοιγ’
941 1322 1142 1373 ἀσέβημα,
1165 1322 1232 1362 οὐκ
1254 1323 1422 1373 ἀδίκημα
1440 1325 1576 1373 μόνον,

249 1389 372 1443 τούτῳ
409 1391 635 1442 πεπρᾶχθαι
678 1392 795 1434 δοκεῖ,
834 1389 938 1428 τοῦτ’
975 1390 1063 1440 ἐρῶ.
1148 1392 1200 1443 τῷ
1244 1391 1317 1441 γὰρ
1354 1391 1477 1444 ἀθλίῳ
1517 1392 1578 1431 καὶ

248 1456 483 1510 ταλαιπώρῳ
506 1458 624 1505 κακῆς
651 1455 712 1495 καὶ
737 1458 917 1509 χαλεπῆς
943 1454 1159 1505 συμβάσης
1180 1457 1306 1497 αἰτίας
1326 1456 1577 1512 Ἀριστάρχῳ

247 1526 299 1561 τῶ
333 1524 518 1576 Μόσχου,
546 1522 590 1562 τὸ
618 1525 690 1573 μὲι
720 1527 886 1573 πρῶτον,
915 1521 943 1562 ὦ
969 1523 1106 1574 ἄνδρες
1132 1523 1347 1572 Ἀθηναῖοι,
1382 1525 1477 1563 κατὰ
1506 1525 1578 1573 τὴν

248 1591 397 1640 αγορὰν
436 1591 594 1641 περιιὼν
632 1590 799 1639 ἀσεβεῖς
837 1590 898 1629 καὶ
935 1590 1085 1631 δεινους
1121 1591 1265 1641 λόγους
1303 1591 1452 1640 ετόλμα
1488 1608 1575 1641 περι

248 1673 342 1705 εμου
377 1656 523 1708 λεγειι
553 1657 603 1698 ὡς
637 1673 714 1708 εγω
751 1656 794 1695 τὸ
831 1656 977 1708 πραγμ’
1012 1658 1089 1706 εἰμι
1125 1660 1240 1696 τοῖτο
1275 1658 1481 1707 δεδρακώς·
1526 1658 1577 1699 ὡς

247 1723 280 1761 ο’
312 1723 424 1764 οὐδὲν
457 1741 548 1774 ηνυε
581 1723 746 1768 τούτοις,
779 1724 1016 1774 προσελθὼν
1045 1727 1126 1765 τοῖς
1155 1723 1215 1763 επ’
1249 1741 1353 1763 εκειι
1357 1741 1400 1764 ον
1432 1724 1576 1775 ἄγουσι

246 1790 316 1839 τὴν
358 1792 487 1831 αἰτίαν
528 1794 595 1830 τοῦ
637 1791 775 1842 φόνου,
814 1795 896 1832 τοῖς
937 1794 1006 1830 τοῦ
1047 1792 1368 1840 τετελευτηκότος
1403 1792 1573 1836 οικείοις,

246 1856 415 1910 χρήμαθ’
440 1859 674 1910 ὑπισχνεῖτο
704 1857 849 1897 δώσειν
881 1858 914 1897 εἰ
944 1861 1012 1897 τοῦ
1041 1856 1270 1909 πράγματος
1296 1857 1467 1912 αἰτιῷντ’
1492 1857 1572 1907 ἐμέ,

247 1925 307 1963 καὶ
339 1925 426 1965 οὔτε
456 1925 568 1965 θεοὺς
599 1924 681 1964 οὔθ’
708 1925 824 1964 ὁσίαν
853 1924 933 1963 οὔτ’
959 1923 1051 1964 ἀλλ’
1077 1924 1189 1964 οὐδὲν
1220 1923 1423 1974 ἐποιήσατ’
1449 1926 1571 1974 ἐμπο-

244 1992 320 2030 δὼν
346 1991 507 2045 τοιούτῳ
540 1992 660 2045 λόγῳ,
689 1990 769 2030 οὐδ’
795 1991 985 2040 ὤκνησεν.
1042 1990 1134 2030 ἀλλ’
1159 1991 1245 2031 οὐδὲ
1272 1991 1369 2042 πρὸς
1393 1991 1459 2033 οὓς
1484 1992 1571 2031 ἔλε-

244 2075 312 2108 γεν
333 2058 471 2099 αὐτοὺς
495 2058 692 2114 ᾐσχύνθη,
716 2058 749 2098 εἶ
768 2061 923 2098 τοιοῦτο
950 2057 1068 2097 κακὸν
1095 2059 1156 2098 καὶ
1181 2061 1412 2107 τηλικοῦτον
1432 2059 1572 2098 ἀδίκως

243 2124 381 2176 ἐπάγει
412 2142 479 2178 τῳ,
511 2125 603 2164 ἀλλ’
634 2124 687 2165 ἕν’
713 2126 806 2175 ὅρον
837 2124 999 2174 θέμενος
1028 2125 1144 2164 παντὶ
1170 2125 1300 2178 τρόπῳ
1329 2124 1369 2175 μ’
1400 2125 1569 2169 ἀνελεῖν,

241 2191 355 2231 οὐδὲν
386 2193 590 2232 ἐλλείπειν
623 2191 719 2246 ᾤετο
753 2194 847 2236 δεῖν,
877 2191 927 2232 ὡς
961 2191 1062 2236 δέον,
1091 2193 1127 2232 εἴ
1160 2208 1217 2232 τις
1254 2192 1459 2242 ὑβρισθεὶς
1495 2191 1570 2231 ὑπὸ

283 2302 303 2330 8
328 2302 384 2332 τὸν
401 2303 566 2342 κονιορτὸν
583 2301 661 2333 secl.
684 2301 793 2331 Cobet
811 2306 844 2329 ut
866 2301 988 2330 illatum
1006 2311 1048 2330 ex
1070 2303 1083 2336 ξ
1108 2310 1167 2338 139
1303 2309 1340 2328 12
1365 2299 1568 2341 προσγράψαι

241 2344 372 2374 Cobet:
411 2345 676 2386 προσγράψασθαι
710 2346 808 2375 codd.
996 2353 1031 2381 14
1070 2344 1253 2384 γέγραπται
1287 2343 1366 2373 secl.
1403 2343 1443 2373 O.
1475 2343 1566 2380 Jahn

240 2397 279 2416 22
314 2391 409 2419 τοῦτο
442 2389 564 2418 codd:
602 2389 688 2419 τοῦθ’
722 2391 737 2418 ὁ
768 2388 865 2417 Blass
1011 2387 1052 2416 26
1086 2388 1170 2418 ἄλλο
1203 2386 1294 2418 οὐδὲν
1328 2387 1352 2416 F
1379 2386 1443 2416 al.:
1476 2387 1568 2418 οὐδὲν

242 2433 264 2461 5
279 2431 305 2460 Y
320 2432 348 2461 O
365 2432 411 2461 P:
436 2431 528 2462 οὐδὲν
546 2433 628 2463 ἄλλο
647 2431 676 2461 Α

1605 545 1620 575 5

1605 874 1642 894 10

1601 1540 1638 1561 20

1597 1873 1633 1904 25

1591 2206 1631 2235 30
