1737 2734
117 526 133 556 5

94 859 132 880 10

90 1525 129 1548 20

154 132 241 187 xx1]
575 138 734 175 ΚΑΤΑ
785 138 1059 176 ΜΕΙΔΙΟΎ

152 243 249 291 ὑμᾶς
269 241 487 292 ἅνθρωπος.
542 241 596 282 εἷς
621 243 693 292 μὲν
713 241 824 283 οὗτος
843 240 890 292 ἐξ
912 242 1011 282 ἷδίου
1032 241 1272 294 πράγματος,
1300 243 1481 294 οὐδεμιᾶς

152 310 306 359 ὕβρεως
348 308 591 359 προσούσης,
626 309 722 359 ὑπὲρ
756 309 872 348 αὑτοῦ
901 312 968 348 τοῦ
999 312 1230 362 παραβῆναι
1259 309 1328 349 τὸν
1360 311 1481 361 νόμον

151 374 351 424 τοσαύτην
371 375 490 415 ἔδωκε
511 376 636 425 δίκην.
685 376 856 416 εἰκότως·
889 379 1005 415 τοῦτο
1023 375 1098 428 γάρ
1119 376 1203 416 ἐσθ’
1222 375 1243 416 ὃ
1263 376 1480 429 φυλάττειν

151 443 250 491 ὑμᾶς
275 444 344 486 δεῖ,
371 442 461 483 τοὺς
487 442 640 492 νόμους,
661 445 729 482 τὸν
755 443 886 493 ὅρκον·
923 442 1030 482 ταῦτ’
1050 442 1157 497 ἔχεθ’
1181 444 1290 494 ὑμεῖς
1309 445 1346 483 οἱ
1371 443 1478 484 δικά-

155 510 284 558 ζοντες
321 509 381 548 ἀεὶ
418 510 523 560 παρὰ
558 512 635 549 τῶν
672 508 808 549 ἄλλων
846 509 1018 560 ὡσπερεὶ
1055 508 1394 561 παρακαταθήκην,
1432 509 1480 561 ἣν

152 574 315 620 ἅπασιν,
355 577 444 615 ὅσοι
479 577 577 626 μετὰ
614 579 681 616 τοῦ
718 576 867 616 δικαίου
903 579 1000 627 πρὸς
1032 577 1131 627 ὑμᾶς
1164 577 1360 631 ἔρχονται,
1396 581 1480 618 σῶν

151 641 343 694 ὑπάρχειν
385 645 454 682 δεῖ.
527 643 660 694 ἕτερος
698 643 846 682 ἀδικεῖν
881 642 968 682 ποτ’
1007 641 1142 692 ἔδοξεν
1179 644 1270 694 ὑμῖν
1307 645 1394 696 περὶ
1433 646 1481 684 τὰ

155 709 360 754 Διονύσια,
395 710 456 748 καὶ
491 708 887 762 κατεχειροτονήσατ’
920 710 1038 750 αὐτοῦ
1071 711 1379 761 παρεδρεύοντος
1412 711 1478 763 ἄρ-

152 792 265 828 χοντι
308 779 360 829 τῷ
404 777 490 820 υἱεῖ,
529 777 589 815 ὅτι
631 775 724 816 θέαν
761 779 866 817 τινὸς
909 776 1289 827 καταλαμβάνοντος
1331 778 1478 829 ἥψατο,

151 841 339 893 ἐξείργων
377 844 419 882 ἐκ
460 846 528 882 τοῦ
571 841 748 894 θεάτρου·
791 841 839 892 ἦν
880 842 913 882 δ’
950 843 1063 885 οὗτος
1099 844 1119 882 ὁ
1154 847 1223 883 τοῦ
1261 845 1480 894 βελτίστου

151 908 278 960 πατὴρ
310 910 584 960 Χαρικλείδου,
611 913 679 949 τοῦ
704 908 906 961 ἄρξαντος.
979 911 1042 950 καὶ
1066 909 1170 962 μέγα
1199 910 1236 962 γ’
1262 911 1352 961 ὑμῖν
1377 912 1480 951 τοῦτ’

150 976 277 1015 ἐδόκει
313 976 461 1015 δίκαιον
497 975 606 1028 ἔχειν
643 977 663 1015 ὁ
699 977 1034 1028 προβαλλόμενος
1068 976 1220 1029 λέγειν,
1265 980 1274 994 ‘
1296 979 1329 1017 εἰ
1366 995 1477 1019 κατε-

149 1042 374 1091 λάμβανον,
401 1042 594 1094 ἄνθρωπε,
624 1042 730 1089 θέαν,
753 1045 786 1083 εἰ
810 1043 863 1093 μῗ]
888 1047 971 1085 τοῖς
997 1044 1257 1095 κηρύγμασιν,
1280 1044 1331 1086 ὡς
1357 1045 1409 1085 σύ
1430 1062 1479 1096 με

149 1107 240 1163 φῄς,
267 1109 492 1159 ἐπειθόμην,
520 1110 625 1150 τίνος
651 1111 692 1149 ἐκ
718 1113 798 1150 τῶν
827 1110 959 1160 νόμων
985 1111 1022 1150 εἶ
1044 1110 1186 1162 κύριος,
1214 1110 1276 1150 καὶ
1300 1112 1320 1151 ὁ
1345 1111 1480 1165 ἄρχων

148 1174 283 1221 αὑτός;
321 1179 402 1217 τοῖς
432 1175 644 1227 ὑπηρέταις
674 1175 865 1228 ἐξείργειν
894 1178 1031 1223 εἰπεῖν,
1063 1177 1131 1217 οὐκ
1162 1177 1278 1219 αὐτὸς
1306 1179 1478 1218 τύπτειν.

149 1241 227 1281 οὐδ’
266 1243 367 1281 οὕτω
403 1243 600 1293 πείθομαι·
653 1243 851 1293 ἐπιβολὴν
887 1245 1112 1293 ἐπιβαλεῖν,
1152 1243 1282 1284 πάντα
1322 1248 1480 1295 μᾶλλον

149 1308 254 1357 πλὴν
284 1308 399 1350 αὐτὸς
428 1308 613 1360 ἅψασθαι
645 1316 691 1366 τῇ
722 1311 838 1362 χειρί*
877 1312 1011 1350 πολλὰ
1045 1313 1121 1362 γὰρ
1153 1311 1228 1362 πρὸ
1256 1315 1325 1351 τοῦ
1353 1311 1405 1363 μὴ
1435 1312 1479 1352 τὸ

149 1375 249 1425 σῶμ’
291 1376 461 1416 ἕκαστον
502 1377 739 1427 ὑβρίζεσθαι
781 1376 1049 1427 πεποιήκασιν
1093 1379 1128 1418 οἱ
1171 1378 1312 1428 νόμοι.’
1371 1379 1478 1418 ταῦτ’

148 1443 287 1495 ἔλεγεν
305 1445 377 1493 μὲν
395 1445 555 1489 ἐκεῖνος,
574 1442 905 1496 ἐχειροτονήσατε
925 1444 957 1484 δ’
973 1446 1094 1495 ὑμεῖς·
1133 1445 1178 1484 οὐ
1196 1445 1274 1495 μὴν
1290 1446 1478 1495 εἰσῆλθεν

148 1511 204 1551 εἰς
223 1509 268 1549 τὸ
287 1510 541 1561 δικαστήριον
563 1510 686 1555 οὗτος,
706 1510 798 1550 ἀλλ’
814 1511 1075 1561 ἐτελεύτησεν
1094 1513 1297 1563 πρότερον.
1343 1513 1478 1563 ἑτέρου

147 1577 277 1617 τοίνυν
313 1578 336 1616 ὅ
367 1593 410 1617 τε
443 1579 562 1627 δῆμος
594 1576 698 1619 ἄπας
733 1578 1077 1631 κατεχειροτόνησ’
1109 1580 1256 1619 ἀδικεῖν
1289 1580 1376 1631 περὶ
1406 1579 1477 1629 τὴν

148 1643 299 1694 ἑορτήν,
323 1645 385 1684 καὶ
410 1645 519 1694 ὑμεῖς
540 1644 761 1684 εἰσελθόντ’
781 1645 1037 1686 ἀπεκτείνατε
1055 1649 1208 1692 τοῦτον,
1232 1645 1474 1696 Κτησικλέα,

147 1711 207 1750 ὅτι
237 1714 379 1752 σκῦτος
405 1711 510 1764 ἔχων
539 1712 750 1761 ἐπόμπευε,
779 1712 841 1751 καὶ
872 1713 996 1767 τούτῳ
1026 1713 1182 1763 μεθύων
1207 1711 1380 1763 ἐπάταξέ
1404 1713 1476 1753 τιν’

148 1777 291 1829 ἐχθρὸν
323 1777 538 1831 ὑπάρχονθ’
570 1780 707 1833 ἑαυτῷ·
745 1779 871 1819 ἐδόκει
909 1780 985 1831 γὰρ
1019 1780 1135 1831 ὕβρει
1177 1780 1240 1819 καὶ
1279 1779 1348 1819 οὐκ
1382 1781 1475 1834 οἴνῳ

147 1845 318 1890 τύπτειν,
346 1845 454 1884 ἀλλὰ
489 1845 561 1894 τὴν
596 1846 658 1885 ἐπὶ
691 1847 758 1895 τῆς
791 1848 948 1896 πομπῆς
987 1847 1049 1886 καὶ
1084 1850 1153 1886 τοῦ
1188 1847 1345 1897 μεθύειν
1379 1847 1474 1898 πρό-

148 1917 274 1962 φασιν
299 1913 440 1961 λαβὼν
466 1912 626 1957 ἀδικεῖν,
649 1912 699 1954 ὡς
725 1913 880 1954 δούλοις
905 1914 1108 1966 χρώμενος
1131 1917 1214 1955 τοῖς
1238 1913 1473 1965 ἐλευθέροις.

147 1977 333 2019 ἁπάντων
362 1979 507 2024 τοίνυν,
534 1976 563 2018 ὦ
594 1978 731 2031 ἄνδρες
757 1978 973 2030 Ἀθηναῖοι,
1000 1981 1161 2027 τούτων,
1189 1981 1243 2020 ὧν
1273 1981 1293 2019 ὁ
1322 1982 1396 2030 μὲν
1420 1981 1475 2020 ὧν

148 2045 253 2085 εἶλεν
279 2045 470 2091 ἀποστάς,
498 2046 518 2084 ὁ
543 2048 583 2086 δὲ
610 2047 672 2086 καὶ
698 2046 852 2100 θανάτῳ
881 2047 1084 2097 ζημιωθεὶς
1110 2048 1307 2099 φαίνεται,
1335 2051 1473 2101 πολλῷ

194 2167 204 2185 1
233 2156 391 2198 ἅνθρωπος
411 2157 547 2187 Bekker
563 2168 569 2187 1
594 2158 753 2198 ἄνθρωπος
771 2158 866 2188 codd.
1014 2158 1035 2186 6
1056 2161 1121 2189 σῶν
1139 2157 1169 2187 Α
1186 2169 1192 2187 z
1217 2159 1303 2189 σώαν
1321 2157 1344 2187 S
1363 2167 1448 2188 corr.
1468 2170 1475 2188 t

146 2200 234 2240 σῴαν
251 2200 340 2239 vulg.
518 2211 554 2230 12
579 2203 629 2232 καὶ
647 2205 725 2231 ante
744 2201 864 2232 δίκαιον
881 2200 957 2232 add.
979 2200 1003 2231 S
1020 2201 1110 2240 vulg.
1128 2215 1133 2232 .-
1158 2211 1223 2232 om.
1244 2201 1275 2231 A
1401 2214 1473 2242 προ-

146 2244 351 2282 βαλλόμενος
363 2243 386 2273 S
400 2243 430 2274 O
444 2243 488 2274 P:
504 2244 747 2285 προβαλόμενος
758 2244 862 2283 vulg.,
873 2244 913 2274 cf.
931 2247 944 2280 ξ
962 2245 1022 2282 176
1114 2246 1153 2274 16
1171 2248 1340 2281 ἐπιβαλεῖν
1354 2244 1451 2275 Blass
1468 2256 1474 2274 τ

148 2287 341 2321 ἐπιβάλλειν
358 2288 454 2318 codd.
582 2297 618 2325 17
643 2289 701 2327 πρὸ
718 2290 774 2319 τοῦ
793 2288 816 2317 S
828 2287 858 2317 A
871 2287 900 2317 Y
914 2287 944 2317 O
958 2287 1001 2318 P:
1028 2289 1103 2328 πρὸς
1119 2289 1156 2319 τὸ
1176 2287 1201 2317 F
1326 2298 1364 2327 19
1389 2290 1473 2327 ἐχει-

146 2331 345 2371 ροτονήσατε
363 2330 408 2360 S:
434 2331 770 2372 κατεχειροτονήσατε
788 2336 866 2361 cett.
993 2341 1034 2360 22
1055 2334 1184 2364 τοῦτον,
1207 2337 1403 2369 Κτησικλεα,
1425 2332 1474 2363 ὅτι

149 2373 172 2403 S
191 2374 305 2403 solus:
331 2374 519 2412 Κτησικλέα
546 2376 644 2414 λέγω.
695 2376 745 2406 διὰ
770 2375 803 2405 τί
827 2375 865 2412 δὴ
890 2375 1102 2406 ἀπεκτείνατε
1126 2376 1244 2406 τοῦτον
1269 2374 1335 2413 ’χνεΙ
1357 2377 1475 2406 τοῦτον

147 2416 373 2457 ἀπεκτείνατε)
391 2427 399 2455 ;
424 2418 474 2449 ὅτι
491 2417 579 2456 vulg.
600 2417 623 2447 S
641 2431 691 2458 γρ.

1513 140 1620 195 [⁵72]

1516 259 1579 294 177

1515 653 1579 695 178

1516 924 1580 959 Ι79

1513 1520 1579 1553 180

1508 1848 1615 1901 [573]

1510 1987 1569 2021 181
