1737 2734
127 172 242 227 [673]
699 178 1184 216 ΔΗΜΟΣΘΕΝΟὙΣ
1476 175 1598 230 [χχιιι

272 278 369 327 ὑμᾶς
399 279 576 330 ἔγραψεν
607 281 790 329 ἐπαίνων,
828 278 919 333 [καὶ]
954 283 1002 320 τὰ
1038 284 1111 332 μὲν
1145 281 1196 323 ὡς
1231 283 1420 332 πεποίηκε
1454 282 1598 335 λέγων,

271 346 318 383 τὰ
344 344 376 384 δ’
402 346 719 398 ὑπισχνούμενος
744 347 942 397 ποιήσειν.
1001 350 1110 400 λέγε.

828 461 1044 489 ΕΠΙΣΤΟΛΗ.

176 529 235 564 161
339 528 453 567 Καλά
479 528 528 579 γ’,
551 530 595 568 οὐ
616 529 708 580 γάρ;
747 527 776 568 ὦ
801 529 938 580 ἄνδρες
959 529 1176 579 Ἀθηναῖοι,
1198 532 1245 569 τὰ
1264 529 1518 581 γεγραμμένα
1537 531 1600 570 καὶ

271 594 430 647 χάριτος
458 597 609 644 πολλῆς
635 595 736 644 ἄξια,
759 598 795 636 εἴ
819 596 854 647 γ’
882 595 928 645 ἦν
955 596 1095 645 ἀληθῆ.
1165 599 1232 636 νῦν
1259 596 1313 640 δέ,
1336 598 1400 636 ὅτε
1426 598 1498 646 μὲν
1522 599 1599 636 τῶν
1620 608 1636 639 5

973 662 1065 676 n‘fl

271 663 454 700 σπονδῶν
474 661 541 700 οὐκ
560 660 656 716 ᾤετο
676 661 897 712 τεύξεσθαι,
920 679 1013 702 ταντ
1046 662 1187 714 εγραφ’
1208 662 1427 713 ἐξαπατῶν·
1465 663 1600 713 ἐπειδὴ

546 727 554 740 Ι
585 727 593 740 2
643 727 673 742 97
709 730 717 741 Ὗ

271 727 302 766 δ’
328 727 479 780 ἔτυχεν,
507 734 581 779 λεγ
621 745 656 768 οι
702 730 902 778 εποίησεν.

827 845 1044 873 ΕΠΙΣΤΟΛΗ.

337 912 491 952 Οὐκοῦν
519 916 586 952 τοῦ
621 916 842 963 κομιεῖσθαι
876 914 1138 952 τάπολωλότα
1172 912 1288 966 χωρί’
1319 912 1601 966 ὑποσχομένου

268 975 523 1030 [Χαριδήμου]
554 979 768 1029 διαβάντος
798 981 925 1031 φησὶν
959 980 978 1018 ὁ
1011 979 1144 1032 ἄρχων
1176 979 1377 1031 Κριθώτης
1406 979 1494 1030 περὶ
1522 983 1600 1019 τῶν
1623 998 1661 1019 10

269 1046 528 1099 ὑπαρχόντων
544 1048 784 1097 γεγενῆσθαι
803 1047 958 1096 μείζους
973 1050 1051 1086 τῶν
1072 1046 1264 1097 πρότερον
1280 1045 1369 1086 τοὺς
1387 1046 1598 1088 κινδύνους.

268 1111 354 1164 λέγ’
380 1111 426 1162 ἐξ
448 1111 582 1164 ἑτέρας
608 1113 825 1163 ἐπιστολῆς
852 1111 1060 1163 ἐπιδείξας.

824 1233 1040 1261 ΕΠΙΣΤΟΛΗ.

337 1278 431 1330 Αέγ’
457 1278 504 1329 ἐξ
526 1278 673 1331 ἑτέρας.

120 1342 236 1397 [674]
827 1354 1044 1382 εΠιΣτοΛι-ι.
1624 1364 1660 1396 15

173 1426 235 1459 162
334 1421 472 1473 ‘OchO‘
491 1423 550 1462 ὅτι
571 1424 821 1476 πανταχόθεν
841 1424 885 1463 τὸ
905 1426 1068 1474 πρᾶγμα
1092 1426 1354 1474 μαρτυρεῖται,
1377 1423 1435 1462 ὅτι
1456 1424 1598 1473 διαβὰς

267 1488 334 1528 οὐκ
355 1490 418 1529 ἐπὶ
437 1488 505 1529 τὸν
524 1490 663 1534 Κότυν,
687 1489 776 1530 ἀλλ’
794 1489 860 1542 ἐφ’
878 1490 979 1540 ἡμᾶς
997 1489 1081 1540 μετ’
1100 1491 1250 1530 ἐκείνου
1271 1490 1491 1540 ἐπορεύετο.
1541 1490 1599 1530 ἔτι

265 1556 396 1596 τοίνυν
425 1556 570 1606 ταύτην
602 1556 726 1606 μόνην
761 1556 962 1608 ἀνάγνωθί
991 1573 1056 1606 μοι
1092 1556 1163 1606 τὴν
1197 1555 1427 1605 ἐπιστολήν,
1462 1557 1531 1597 τὰς
1565 1555 1597 1596 δ’

266 1622 392 1664 ἄλλας
432 1623 488 1662 ἔα·
538 1625 660 1673 δῆλον
697 1622 771 1675 γάρ
809 1640 881 1663 που
918 1621 1036 1675 [ὑμῖν]
1074 1622 1205 1675 γέγον’
1245 1622 1295 1664 ὡς
1334 1622 1598 1674 πεφενάκικεν

266 1690 374 1739 ὑμᾶς.
435 1689 541 1741 λέγε.
1620 1718 1660 1740 20

822 1765 1039 1792 ΕΠΙΣΤΟΛΗ.

333 1832 538 1886 Ἐπίσχες.
602 1833 826 1882 ἐνθυμεῖσθ’
848 1834 908 1872 ὅτι
930 1832 1089 1884 γράψας
1114 1835 1186 1883 μὲν
1207 1833 1257 1874 ὡς
1276 1833 1475 1873 ἀποδώσει
1495 1836 1594 1884 Χερ-

264 1900 450 1950 ρόνησον,
478 1901 524 1939 τὰ
549 1899 657 1939 λοίπ’
679 1899 905 1951 ἀφελέσθαι
931 1900 1140 1949 μισθώσας
1160 1900 1278 1940 αὑτὸν
1298 1903 1379 1941 τοῖς
1397 1898 1596 1951 ὑμετέροις

265 1968 422 2019 ἐχθροῖς
457 1967 664 2018 ἐπεχείρει,
701 1966 860 2018 γράψας
894 1966 925 2006 δ’
957 1965 1008 2006 ὡς
1042 1965 1305 2017 Ἀλεξάνδρου
1338 1970 1593 2018 πρεσβευσα-

264 2034 383 2083 μένου
405 2032 499 2083 πρὸς
519 2033 637 2072 αὐτὸν
656 2033 700 2073 οὐ
720 2031 1000 2085 προσεδέξατο,
1024 2037 1105 2074 τοῖς
1125 2037 1292 2088 λῃσταῖς
1313 2033 1496 2084 φαίνεται
1514 2036 1596 2074 τοῖς
1619 2050 1655 2082 25

266 2099 356 2151 παρ’
373 2101 522 2139 ἐκείνου
541 2101 663 2140 ταύτὸ.
682 2100 875 2151 πράττων.
931 2100 1065 2141 εὔνους
1086 2099 1136 2151 γ’,
1155 2099 1198 2138 οὐ
1215 2100 1307 2151 γάρ;
1339 2102 1475 2142 ἁπλῶς
1491 2100 1593 2151 ὑμῖν,

1025 2166 1073 2179 'N’

267 2168 328 2206 καὶ
355 2167 466 2206 οὐδὲν
493 2166 541 2206 ἂν
568 2169 796 2208 ἐπιστείλας
822 2169 969 2218 ψεῦδος
995 2181 1060 2206 ovo
1100 2165 1366 2216 ἐξαπατήσας’.

314 2287 325 2306 1
354 2276 489 2308 ἐπαίνων
509 2276 658 2306 Reiske:
687 2279 821 2308 ἐπαινῶν
840 2276 934 2306 codd.
1020 2277 1070 2307 καὶ
1089 2276 1151 2306 del.
1174 2276 1298 2306 Reiske
1417 2287 1435 2314 4
1461 2279 1495 2307 οὐ
1511 2275 1594 2316 γάρ,-

266 2330 330 2350 om.
353 2320 401 2353 Sl,
422 2320 461 2351 es.
483 2320 540 2349 xix
559 2330 632 2358 253.
652 2320 734 2349 xxiv
759 2321 817 2350 106
922 2329 940 2357 5
967 2319 1024 2352 μὲν
1042 2329 1106 2349 om.
1128 2319 1237 2350 SYO
1343 2320 1362 2348 8
1388 2324 1592 2352 ΕΠΙΣΤΟΛΗ

265 2374 330 2393 om.
352 2364 374 2393 S
513 2373 551 2393 10
576 2364 757 2403 Χαριδήμου
775 2363 853 2393 scel.
877 2363 969 2393 weil
1111 2373 1148 2401 19
1173 2376 1230 2394 που
1250 2365 1320 2402 ὑμῖν
1339 2363 1508 2402 plerique:
1534 2365 1594 2394 ποῦ

268 2409 338 2445 ὑμῖν
358 2408 379 2435 S
399 2416 450 2435 me
469 2412 573 2438 teste:
605 2408 706 2444 δήπου
730 2409 799 2445 ὑμῖν
823 2407 868 2436 F:
899 2409 967 2444 ὑμῖν
990 2407 1089 2442 δήπου
1115 2406 1165 2436 ΑΖ
1197 2409 1266 2445 ὑμῖν
1290 2419 1350 2438 που
1375 2406 1493 2436 Blass:
1522 2407 1594 2444 ὑμῖν

266 2449 343 2480 beel.
365 2449 455 2479 Weil
592 2459 631 2488 25
658 2452 733 2490 πρὸς
753 2452 848 2482 αὐτὸν
866 2452 899 2481 οὐ
917 2460 981 2481 om.
1002 2450 1035 2480 S¹
