1737 2734
94 859 131 880 10

94 1527 133 1548 20

94 1859 131 1892 ²5

150 128 271 183 xxm]
467 130 595 171 KAT’
640 132 1157 170 ΑΡΙΣΤΟΚΡΑΤΟΎΣ

152 238 213 278 καὶ
238 238 430 290 πρότερόν
461 237 546 278 ποτ’
580 237 874 290 Ἀριστόμαχος
907 236 999 288 παρ’
1032 238 1122 288 ὑμῖν
1157 236 1404 288 ἐδημηγόρει,
1431 235 1483 277 ὡς

150 304 220 344 οὐκ
246 304 359 345 ἔστιν
384 306 490 346 ὅπως
520 306 613 344 ποτε
646 303 964 355 Κερσοβλέπτης
995 302 1200 355 αἱρήσεται
1224 304 1482 354 Χερρόνησον

151 373 388 423 ἀποστερεῖν
416 373 626 424 ἐπιχειρῶν
649 370 789 424 ἐχθρὸς
815 371 906 421 ὑμῖν
933 370 1047 411 εἶναι·
1085 371 1173 410 οὐδὲ
1199 371 1274 422 γὰρ
1300 371 1333 410 εἰ
1357 369 1481 420 λάβοι

152 438 214 478 καὶ
246 438 452 491 κατάσχοι,
489 436 774 487 λυσιτελήσειν
809 438 925 491 αὐτῷ.
998 439 1040 477 ἐκ
1068 437 1141 488 μέν
1170 436 1207 488 γ’
1236 438 1387 486 ἐκείνης
1411 436 1481 476 οὐκ

151 505 263 545 ἔστιν
290 506 388 556 ὑπὲρ
412 504 623 556 τριάκοντα
642 504 804 544 τάλανθ’
832 504 856 554 ἡ
882 504 1077 554 πρόσοδος
1096 503 1148 554 μὴ
1168 502 1479 555 πολεμουμένης,

153 573 186 612 εἰ
213 571 486 622 πολεμήσεται
512 571 565 617 δέ,
596 572 686 611 οὐδὲ
712 572 766 611 ἕν·
806 573 846 610 ἐκ
873 573 914 610 δὲ
939 574 1016 611 τῶν
1041 571 1250 622 ἐμπορίων,
1280 571 1304 610 ἃ
1327 570 1408 610 τότ’
1433 570 1481 610 ἂν

153 640 369 689 κλεισθείη,
409 643 525 678 πλεῖν
563 635 586 688 ἢ
625 638 808 678 διακόσια
845 635 1036 689 [τάλαντά
1073 637 1158 677 ἐσθ’
1194 637 1217 687 ἡ
1255 634 1480 689 πρόσοδος]-

153 706 255 745 ὥστε
276 707 316 746 τί
333 706 583 756 βουλόμενος
598 706 716 756 μικρὰ
733 703 959 754 λαμβάνειν
979 704 1042 744 καὶ
1062 708 1252 754 πολεμεῖν
1269 703 1318 744 ἂν
1334 704 1479 749 ἕλοιτο,

154 771 245 822 ἐξὸν
268 773 316 811 τὰ
344 773 468 812 πλείω
496 772 558 811 καὶ
585 772 705 824 φίλος
737 771 850 816 εἶναι,
878 770 1089 822 θαυμάζειν
1116 769 1330 823 φήσουσιν.
1403 771 1481 823 ἐγὼ

153 839 185 878 δ’
213 838 280 878 οὐκ
311 839 445 890 ἀπορῶ
479 840 552 889 μὲν
583 839 707 878 εἰπεῖν
735 836 854 878 πόλλ’
881 837 905 876 ἄ
937 854 1004 888 μοι
1033 840 1143 878 δοκεῖ
1168 840 1326 888 μᾶλλον
1351 837 1398 878 ἄν
1423 854 1482 879 τις

155 906 247 946 ἰδὼν
272 907 455 946 ἀπιστεῖν
478 907 637 947 εἰκότως
656 901 680 955 ἢ
707 905 858 946 τούτοις
876 905 1075 944 πιστεύων
1094 906 1244 945 ἐκεῖνον
1265 905 1333 944 ε’ἇν
1356 904 1483 956 μέγαν

154 974 377 1025 γίγνεσθαι·
431 973 476 1013 οὐ
506 972 583 1022 μὴν
616 971 708 1012 ἀλλ’
743 970 764 1011 ὃ
797 970 977 1022 μάλιστα
1004 972 1219 1025 πρόχειρον
1253 972 1346 1025 ἔχω,
1377 971 1482 1012 τοῦτ’

151 1041 239 1091 ἐρῶ.
314 1041 400 1080 ἴστε
445 1038 568 1089 δήπου
617 1039 834 1084 Φίλιππον,
885 1038 1022 1090 ἄνδρες
1071 1037 1288 1088 Ἀθηναῖοι,
1328 1039 1483 1079 τουτονὶ

151 1106 220 1147 τὸν
259 1107 484 1152 Μακεδόνα,
520 1104 548 1161 ᾧ
579 1106 682 1146 πολὺ
720 1104 842 1155 δήπου
878 1108 1037 1156 μᾶλλον
1073 1104 1299 1146 ἐλυσιτέλει
1334 1107 1404 1147 τὰς
1440 1104 1487 1156 ἐξ

153 1173 311 1224 ἁπάσης
350 1174 601 1214 Μακεδονίας
638 1173 860 1225 προσόδους
900 1173 1024 1214 ἀδεῶς
1061 1171 1286 1224 λαμβάνειν
1324 1169 1347 1222 ἢ
1384 1174 1483 1223 μετὰ

155 1241 344 1281 κινδύνων
370 1242 438 1282 τὰς
464 1239 512 1291 ἐξ
543 1239 841 1292 Ἀμφιπόλεως,
868 1239 932 1279 καὶ
957 1241 1132 1292 χρῆσθαι
1157 1240 1294 1292 φίλοις
1319 1240 1479 1291 αἱρετώ-

153 1324 267 1359 τερον
283 1306 330 1358 ἧν
348 1308 450 1362 αὐτῷ
471 1311 553 1349 τοῖς
570 1310 771 1359 πατρικοῖς
790 1308 879 1357 ὑμῖν
899 1303 922 1356 ἢ
940 1308 1175 1352 Θετταλοῖς,
1202 1307 1240 1347 οἳ
1258 1306 1328 1347 τὸν
1348 1305 1482 1358 πατέρ’

154 1375 271 1415 αὐτοῦ
295 1374 381 1415 ποτ’
409 1373 621 1425 ἐξέβαλον.
686 1373 778 1414 ἄνευ
804 1375 878 1426 γὰρ
903 1373 1041 1414 τούτου
1068 1373 1211 1414 κάκεῖν’
1237 1373 1347 1414 ἔστιν
1373 1375 1480 1414 ἰδεῖν·

153 1443 262 1492 ὑμεῖς
292 1441 378 1492 μέν,
408 1439 437 1481 ὦ
463 1441 600 1493 ἄνδρες
627 1441 843 1491 Ἀθηναῖοι,
872 1439 1014 1481 οὐδένα
1042 1440 1292 1492 προύδώκατε
1323 1440 1483 1481 πώποτε

152 1512 230 1550 τῶν
265 1509 410 1561 φίλων,
448 1508 648 1549 Θετταλοὶ
683 1507 714 1547 δ’
749 1507 890 1548 οὐδένα
922 1507 1074 1548 πώποθ’
1109 1507 1229 1548 ὅντιν’
1263 1508 1320 1547 οὔ.
1391 1507 1483 1547 ἀλλ’

152 1577 258 1626 ὅμως
283 1577 405 1617 οὕτως
431 1576 608 1629 ἐχόντων
628 1575 778 1615 τούτων
796 1576 914 1626 μικρὰ
937 1573 1164 1625 λαμβάνειν
1190 1574 1253 1614 καὶ
1276 1573 1367 1615 τοὺς
1392 1574 1481 1614 ἀπί-

154 1658 272 1684 στους
310 1643 453 1694 φίλους
483 1642 546 1682 καὶ
577 1641 622 1681 τὸ
654 1642 891 1682 κινδυνεύειν
921 1641 1007 1682 ἀντὶ
1039 1645 1107 1681 τοῦ
1138 1641 1222 1692 μετ’
1256 1641 1483 1694 ἀσφαλείας

155 1709 225 1759 ζῆν
250 1710 365 1762 ὁρᾶτε
395 1708 671 1765 προῃρημένον
703 1708 834 1748 αὐτόν.
905 1709 947 1748 τί
967 1707 1012 1757 δή
1034 1708 1121 1748 ποτ’
1151 1710 1295 1755 αἵτιον;
1339 1709 1384 1748 οὐ
1408 1709 1483 1759 γὰρ

153 1775 200 1826 δὴ
236 1776 361 1828 λόγον
396 1793 442 1828 γε
478 1776 522 1816 τὸ
558 1775 705 1828 πρᾶγμ’
743 1776 890 1815 οὑτωσὶ
927 1775 1139 1827 πρόχειρον
1174 1775 1271 1828 ἔχει.
1341 1775 1415 1820 ὅτι,
1453 1773 1482 1814 ὦ

152 1842 289 1894 ἄνδρες
308 1842 524 1892 Ἀθηναῖοι,
547 1844 656 1883 δυοῖν
681 1843 847 1894 ἀγαθοῖν
868 1844 999 1882 ὄντοιν
1019 1845 1144 1882 πᾶσιν
1160 1842 1393 1893 ἀνθρώποις,
1414 1844 1482 1880 τοῦ

152 1911 225 1959 μὲν
252 1909 471 1961 ἡγουμένου
509 1909 571 1949 καὶ
606 1910 797 1961 μεγίστου
829 1907 1001 1955 πάντων,
1031 1911 1100 1948 τοῦ
1130 1908 1319 1960 εὐτυχεῖν,
1349 1911 1417 1947 τοῦ
1449 1907 1482 1947 δ’

154 1975 364 2017 ἐλάττονος
393 1979 467 2027 μὲν
495 1976 646 2021 τούτου,
673 1979 751 2016 τῶν
785 1975 817 2015 δ’
848 1975 986 2016 ἄλλων
1014 1976 1218 2028 μεγίστου,
1249 1978 1317 2015 τοῦ
1354 1978 1482 2016 καλῶς

152 2044 432 2092 βουλεύεσθαι,
451 2043 525 2096 οὐχ
552 2042 616 2093 ἅμ’
635 2042 658 2093 ἡ
681 2044 816 2092 κτῆσις
842 2043 1128 2095 παραγίγνεται
1147 2045 1228 2084 τοῖς
1247 2042 1478 2094 ἀνθρώποις,

153 2108 234 2149 οὐδ’
259 2111 344 2163 ἔχει
368 2113 446 2150 τῶν
472 2109 513 2149 εὖ
540 2110 792 2161 πραττόντων
818 2109 943 2150 οὐδεὶς
970 2111 1062 2160 ὅρον
1089 2109 1175 2149 οὐδὲ
1201 2107 1390 2158 τελευτὴν
1413 2110 1481 2158 τῆς

194 2220 216 2249 6
245 2219 452 2259 πολεμήσετε
477 2218 551 2249 YO
663 2217 735 2250 οὐδὲ
760 2217 794 2250 ἕν
821 2218 939 2249 BlaSSt
975 2217 1066 2250 οὐδέν
1091 2219 1184 2249 codd⁴
1337 2228 1353 2256 7
1386 2220 1482 2250 πλεῖν

154 2263 318 2294 Dindorf:
350 2263 451 2294 πλέον
475 2262 585 2300 codd„
613 2262 652 2292 cf.
681 2273 728 2292 xx
754 2272 792 2300 77
883 2261 1031 2293 διακόσια
1056 2262 1226 2292 SFYO:
1257 2262 1427 2303 τριακόσια
1450 2261 1481 2291 Α

152 2306 300 2339 τάλαντά
329 2332 335 2338 .
367 2330 374 2336 .
405 2330 413 2337 .
445 2306 602 2347 πρόσοδος
629 2307 707 2336 secl.
738 2305 836 2336 BlaSS
1008 2306 1029 2335 8
1063 2305 1239 2345 λαμβάνων
1266 2308 1422 2345 πολεμεῖν
1448 2304 1479 2335 Α

152 2360 173 2388 9
197 2351 298 2382 πλείω
317 2375 323 2381 .
344 2375 349 2380 .
368 2374 374 2380 .
398 2353 413 2386 §
437 2359 496 2388 119
513 2350 615 2387 ἠδίκει
633 2349 766 2387 Oxyrh.
790 2349 869 2388 Pap.
891 2348 923 2378 iii
946 2358 1007 2388 113
1170 2358 1207 2387 13
1232 2349 1255 2380 ὦ
1273 2354 1351 2379 ante
1369 2350 1479 2389 ἄνδρες

152 2394 227 2425 add.
247 2394 356 2432 vulg.:
382 2403 446 2425 om.
466 2394 489 2424 S
502 2393 532 2424 Ο
658 2402 699 2432 23
723 2391 798 2424 ποτ’
815 2391 934 2432 αἴτιον]
954 2405 1033 2424 ποτε
1050 2393 1089 2424 τὸ
1107 2394 1209 2425 αἴτιον
1228 2391 1252 2422 F
1271 2392 1351 2432 Pap.
1369 2403 1376 2423 τ
1399 2405 1478 2423 ποτε

152 2440 277 2470 ταῖτιον
296 2437 442 2476 Dobree,
462 2437 502 2467 cf.
523 2437 556 2466 ix
575 2437 618 2475 36
752 2446 795 2476 29
819 2435 908 2476 οὐδὲ]
927 2437 947 2474 ἠ
967 2436 991 2466 S
1009 2436 1103 2466 solus

1515 129 1631 184 [657]

1515 783 1575 810 111

1516 1390 1579 1416 112

1514 1692 1630 1747 [6⁵8]

1517 1757 1551 1782 11
1561 1758 1580 1792 3
