1737 2734
163 114 235 170 xx]
557 118 716 156 ΠΡΟΣ
764 118 1102 156 ΛΕΠΤιΝΗΝ
1528 114 1640 170 [475]

163 223 268 263 νίους
293 220 516 274 ἀναγκάσαι
541 222 736 272 τοιαύτην,
765 222 851 261 οἵαν
877 222 967 272 ὑμῖν
993 221 1132 265 ἐδόκει,
1154 218 1401 269 ποιήσασθαι
1425 218 1497 269 τὴν

163 289 339 341 εἰρήνην;
377 289 445 334 ὧν,
480 286 509 328 ὦ
546 287 685 340 ἄνδρες
721 287 938 338 Ἀθηναῖοι,
973 289 1071 338 μετὰ
1104 287 1211 327 ταῦτ’
1245 286 1498 326 ἐκπεσόντων

162 354 416 408 ἐψηφίσασθ’
459 354 571 406 ἅπερ,
614 354 734 405 οἶμαι,
781 355 1000 407 φεύγουσιν
1042 353 1263 406 εὐεργέταις
1311 352 1358 393 δι’
1399 353 1498 403 ὑμᾶς

163 424 352 474 προσῆκε,
385 421 610 473 προξενίαν,
644 421 889 473 εὐεργεσίαν,
925 420 1109 462 ἀτέλειαν
1144 419 1342 460 ἁπάντων.
1413 419 1498 460 εἶτα

124 507 142 538 5
162 489 253 530 τοὺς
273 488 322 529 δι’
340 489 439 539 ὑμᾶς
459 488 683 540 φεύγοντας
705 490 768 528 καὶ
795 489 954 530 δικαίως
973 505 1012 528 τι
1032 487 1121 540 παρ’
1140 489 1246 538 ὑμῶν
1266 485 1497 538 εὑρομένους

164 555 347 606 ἐάσωμεν
367 556 631 607 ἀφαιρεθῆναι
651 558 784 600 ταῦτα,
807 557 930 605 μηδὲν
952 556 1113 607 ἔχοντες
1135 553 1369 606 ἐγκαλέσαι,·
1404 553 1497 593 ἀλλ’

162 622 333 675 αἰσχρὸν
361 620 409 662 ἂν
440 623 510 672 εἴη.
582 621 746 672 μάθοιτε
775 624 816 661 δὲ
845 625 959 661 τοῦτο
989 621 1153 672 μάλιστ’
1183 621 1242 667 ἄν,
1276 621 1433 662 ἐκείνως
1464 622 1498 660 εἰ
1527 627 1568 662 61

162 691 403 741 λογίσαισθε
436 689 534 740 πρὸς
566 690 665 739 ὑμᾶς
699 689 852 730 αὐτούς·
891 689 928 728 εἴ
958 705 1062 729 τινες
1096 688 1179 728 νυνὶ
1213 692 1291 728 τῶν
1321 688 1497 740 ἐχόντων

164 756 325 796 Πύδναν
349 752 372 805 ἦ
400 757 638 796 Ποτείδαιαν
668 754 692 805 ἥ
721 772 758 795 τι
787 758 866 795 τῶν
893 754 1030 795 ἄλλων
1060 756 1229 808 χωρίων,
1258 755 1282 795 ἃ
1307 755 1496 808 Φιλίππῳ

105 842 144 865 10
162 822 235 873 μέν
260 824 372 862 ἐστιν
396 821 561 872 ὑπήκοα,
589 823 678 873 ὑμῖν
704 822 738 861 δ’
758 821 895 874 ἐχθρά,
924 821 991 861 τὸν
1017 821 1136 862 αὐτὸν
1160 822 1308 873 τρόπον
1332 821 1495 872 ὅνπερὴ

164 888 304 931 Θάσος
330 888 377 940 ἦν
401 890 490 929 τότε
517 889 580 929 καὶ
604 888 649 928 τὸ
676 888 888 938 Βυζάντιον
910 889 1236 939 Λακεδαιμονίοις
1259 890 1332 939 μὲν
1357 888 1495 934 οἰκεῖα,

162 957 254 1007 ὑμῖν
279 955 311 996 δ’
332 956 536 1008 ἀλλότρια,
558 956 811 1007 παραδώσειν
831 955 937 995 ταῦτ’
961 956 1278 1008 ἐπαγγείλαιντο,
1299 954 1347 995 ἂν
1367 954 1498 996 αὐτοῖς

163 1025 233 1064 τὰς
269 1023 386 1064 αὐτὰς
421 1025 521 1062 δῶτε
553 1023 716 1073 δωρειὰς
750 1022 885 1073 ὥσπερ
920 1021 1131 1076 Ἐκφάντῳ
1167 1026 1219 1076 τῷ
1254 1022 1398 1075 Θασίῳ
1436 1022 1499 1061 καὶ

163 1089 365 1143 Ἀρχεβίῳ
392 1093 444 1143 τῷ
472 1089 680 1143 Βυζαντίῳ,
703 1089 771 1129 καί
791 1105 894 1130 τινες
919 1089 1068 1129 τούτων
1094 1089 1342 1141 ἀντιλέγοιεν
1366 1088 1499 1129 αὐτοῖς

105 1177 142 1209 15
162 1159 284 1196 ταῦτα
302 1155 502 1208 λέγοντες,
522 1156 572 1197 ὡς
591 1155 721 1195 δεινὸν
742 1157 778 1196 εἴ
795 1172 899 1197 τινες
918 1156 1033 1206 μόνοι
1052 1159 1130 1195 τῶν
1150 1156 1286 1196 ἄλλων
1305 1156 1498 1206 μετοίκων
1528 1158 1572 1194 62

161 1223 213 1274 μὴ
240 1226 466 1276 χορηγοῖεν,
488 1226 570 1264 πῶς
589 1221 676 1262 ποτ’
696 1221 745 1262 ἂν
765 1222 895 1275 ἔχοιτε
916 1222 1013 1274 πρὸς
1033 1223 1123 1264 τοὺς
1142 1226 1264 1262 ταῦτα
1282 1221 1495 1274 λέγοντας;

161 1287 185 1340 ἢ
211 1293 333 1340 δῆλον
358 1291 419 1330 ὅτι
444 1289 584 1341 φωνὴν
608 1289 676 1329 οὐκ
701 1288 749 1329 ἂν
775 1289 1015 1342 ἀνάσχοισθ’
1043 1289 1093 1330 ὡς
1120 1290 1495 1342 συκοφαντούντων,·

162 1358 302 1397 οὔκουν
321 1357 493 1410 αἰσχρὸν
519 1358 553 1397 εἰ
577 1355 794 1406 μέλλοντες
818 1358 891 1407 μὲν
912 1356 953 1396 εὖ
973 1355 1148 1409 πάσχειν
1173 1356 1430 1408 συκοφάντην
1448 1355 1497 1396 ἂν

162 1424 232 1464 τὸν
260 1428 383 1464 ταῦτα
414 1423 574 1475 λέγονθ’
603 1424 782 1475 ἡγοῖσθε,
817 1423 880 1463 ἐπὶ
909 1426 962 1477 τῷ
996 1422 1029 1464 δ’
1059 1423 1286 1476 ἀφελέσθαι
1315 1425 1385 1466 τὰς
1417 1427 1496 1463 τῶν

103 1512 143 1533 20
162 1490 365 1543 προτέρων
402 1490 616 1542 εὐεργετῶν
652 1492 815 1541 δωρειὰς
851 1493 972 1530 ταῦτα
1008 1491 1214 1542 λεγόντων
1250 1490 1493 1536 ἀκούσεσθε;

162 1558 262 1611 φέρε
286 1557 332 1608 δὴ
362 1557 504 1598 κάκεῖν’
531 1556 795 1608 ἐξετάσωμεν.
855 1559 892 1597 οἱ
918 1558 1130 1609 προδόντες
1153 1557 1226 1607 τὴν
1247 1558 1408 1597 Πύδναν
1435 1557 1496 1597 καὶ
1528 1538 1644 1593 [476]

161 1625 294 1665 τᾶλλα
316 1626 444 1678 χωρία
467 1629 521 1679 τῷ
542 1624 730 1679 Φιλίππῳ
751 1628 803 1679 τῷ
825 1624 912 1664 ποτ’
935 1624 1172 1676 ἐπαρθέντες
1196 1625 1298 1675 ἡμᾶς
1315 1624 1494 1674 ἠδίκουν,-

162 1689 185 1741 ἢ
215 1695 317 1733 πᾶσι
347 1692 546 1743 πρόδηλον
575 1694 702 1737 τοῦτο,
730 1692 790 1731 ὅτι
818 1695 904 1733 ταῖς
934 1691 1023 1743 παρ’
1049 1692 1199 1732 ἐκείνου
1227 1694 1419 1743 δωρειαῖς,
1451 1691 1496 1733 ἃς

163 1760 226 1799 διὰ
244 1758 350 1799 ταῦτ’
370 1758 536 1798 ἔσεσθαι
562 1759 710 1810 σφίσιν
734 1759 922 1810 ἡγοῦντο;
961 1759 1127 1810 πότερον
1147 1758 1216 1798 οὖν
1239 1761 1398 1809 μᾶλλον
1417 1758 1496 1799 ἔδει

103 1844 141 1877 25
162 1825 213 1871 σ’,
249 1824 278 1866 ὦ
309 1826 497 1875 Λεπτίνη,
529 1825 618 1866 τοὺς
653 1825 831 1879 ἐχθρούς,
864 1826 897 1866 εἶ
925 1825 1102 1871 δύνασαι,
1135 1828 1274 1866 πεῖσαι
1308 1825 1397 1867 τοὺς
1431 1826 1495 1866 ἐπὶ

161 1896 243 1934 τοῖς
269 1892 365 1944 πρὸς
389 1892 490 1942 ἡμᾶς
515 1890 729 1942 ἀδικήμασι
749 1891 1006 1944 γιγνομένους
1032 1893 1191 1933 ἐκείνων
1211 1892 1418 1945 εὐεργέτας
1441 1892 1494 1943 μὴ

161 1962 290 2009 τιμᾶν,
313 1955 336 2009 ἢ
362 1962 487 2000 θεῖναι
512 1959 633 2009 νόμον
658 1959 751 2009 ἡμῖν
774 1958 817 2001 ὃς
842 1963 920 2000 τῶν
939 1963 1022 2001 τοῖς
1046 1958 1248 2011 ἡμετέροις
1273 1959 1494 2011 εὐεργέταις

160 2026 427 2080 ὑπαρχουσῶν
458 2029 628 2077 δωρειῶν
660 2026 891 2077 ἀφαιρεῖταί
915 2042 973 2072 τι;
1012 2026 1090 2078 ἐγὼ
1121 2028 1196 2077 μὲν
1225 2025 1340 2066 ἐκεῖν’
1370 2026 1489 2076 οἶμαι.

161 2093 254 2133 ἀλλ’
270 2094 334 2133 ἵνα
351 2093 404 2144 μὴ
421 2094 553 2145 πόρρω
569 2096 638 2133 τοῦ
655 2094 848 2145 παρόντος
863 2092 1050 2145 γένωμαι,
1067 2095 1173 2144 λαβὲ
1193 2094 1241 2133 τὰ
1256 2092 1490 2145 ψηφίσμαθ’

100 2178 142 2210 30
161 2159 185 2199 ἃ
207 2163 290 2201 τοῖς
315 2160 488 2202 Θασίοις
514 2159 577 2200 καὶ
605 2160 829 2209 Βυζαντίοις
855 2159 1024 2212 ἐγράφη.
1082 2159 1191 2212 λέγε.

203 2272 224 2300 6
264 2270 401 2310 ἐάσομεν
436 2269 504 2300 AF
644 2273 749 2302 ταῦτα
780 2269 923 2301 SL¹A:
972 2271 1014 2302 τὰ
1048 2270 1182 2302 δοθέντα
1218 2270 1243 2300 L
1279 2279 1363 2301 corr.
1400 2270 1488 2309 vulg.

161 2324 179 2353 7
204 2314 339 2353 μάλιστ’
365 2314 432 2354 dus]
460 2314 615 2345 distinxit
639 2313 767 2353 Taylor
903 2323 940 2352 15
965 2316 1068 2346 ταῦτα
1092 2313 1248 2354 λέγοντες
1271 2313 1353 2344 secl.
1381 2313 1490 2344 Cobet

163 2358 270 2388 18-20
296 2360 409 2390 οὔκουν
433 2382 440 2389 .
469 2382 475 2388 .
506 2384 512 2389 .
538 2357 737 2393 ὰκούσεσθε,·
760 2356 794 2395 J.
818 2357 855 2387 Β.
884 2357 1027 2397 Mayor:
1059 2359 1172 2390 οὐκοῦν
1196 2381 1204 2389 .
1232 2382 1239 2389 .
1265 2382 1272 2389 .
1300 2357 1488 2390 ἀκούσεσθε.

160 2400 262 2441 vulg.‚
281 2400 323 2432 cf.
344 2404 382 2439 §5
403 2411 453 2441 71,
472 2412 513 2440 97
