1737 2734
740 450 887 487 XXIII

474 566 609 616 KAT’
659 571 1163 620 ΑΡΙΣΤΟΚΡΑΤΟΤΣ

594 708 790 735 ΛῙΒΑΝῙΟΥ
819 706 1039 736 ΤΠΟΘΕΣΙΣ.

205 779 421 830 Χαρίδημον
439 781 504 819 τὸν
524 779 705 830 Ὠρείτην,
727 781 933 831 ἡγούμενον
959 780 1100 826 ξενικοῦ
1120 780 1179 817 καὶ
1200 783 1481 832 στρατηγοῦντα

149 837 251 885 παρὰ
280 835 559 885 Κερσοβλέπτῃ
584 838 634 885 τῷ
664 833 812 884 Θρᾴκης
837 835 1008 883 βασιλεῖ,
1034 835 1195 883 πολίτην
1224 838 1334 882 σφῶν
1363 836 1482 873 αὐτῶν

150 889 341 938 Ἀθηναῖοι
367 890 604 938 ἐποιήσαντο,
627 891 673 927 τὰ
702 890 770 939 μὲν
795 889 974 940 γεγονότα
1000 890 1188 939 χρήσιμον
1213 891 1346 933 αὐτοῖς,
1368 891 1413 927 τὰ
1442 889 1480 927 δὲ

150 944 428 992 προσδοκῶντες
462 944 513 981 ἔτι
544 946 693 992 μᾶλλον
726 943 965 994 γενήσεσθαι.
1033 944 1117 992 περὶ
1149 944 1280 981 τούτου
1313 943 1481 993 ψήφισμ’

114 1015 130 1046 5
152 999 310 1049 ἔγραψεν
329 997 652 1047 Ἀριστοκράτης’
637 1015 673 1035 εν
693 1000 738 1048 τῇ
753 999 881 1048 βουλῇ
900 1000 1076 1035 τοιοῦτον·
1108 999 1194 1035 ίἐοῖν
1209 1014 1263 1037 τις
1283 998 1479 1048 ἀποκτειίη

152 1053 377 1102 Χαρίδημον,
409 1053 595 1104 ἀγώγιμος
625 1054 721 1090 ἔστω
750 1053 791 1098 ἐξ
823 1053 974 1100 ἁπάσης
1003 1054 1068 1100 τῆς
1095 1050 1300 1100 Αθηναίων
1330 1069 1478 1101 συμμα

149 1107 262 1157 χίδος·
306 1108 367 1144 ἐὰν
398 1106 437 1144 δέ
467 1123 520 1147 τις
549 1107 614 1144 τὸν
645 1107 826 1157 ἀγόμενον
859 1107 1046 1154 ἀφέληται
1078 1105 1101 1155 ἢ
1132 1106 1240 1146 πόλις
1270 1105 1294 1155 ἢ
1326 1106 1478 1155 ἰδιώτης,

151 1161 353 1200 ἔκσπονδος
374 1161 494 1199 ἕστω.’
552 1161 683 1198 τούτου
705 1163 903 1212 κατηγορεῖ
920 1163 985 1198 τοῦ
1005 1161 1250 1210 ψηφίσματος
1270 1160 1477 1209 Εὐθυκλῆς,

150 1219 199 1266 τῷ
229 1215 495 1264 Δημοσθένους
524 1215 625 1266 λόγω
653 1215 850 1266 χρώμενος,
880 1216 939 1253 καὶ
965 1216 1064 1263 φησὶ
1093 1218 1238 1264 πρῶτον
1266 1217 1334 1264 μὲν
1361 1217 1478 1264 παρά-

94 1283 132 1305 10
151 1287 263 1319 νομον
290 1287 379 1307 ειναι
405 1271 447 1307 τὸ
471 1270 664 1319 ψήφισμα,
687 1269 743 1307 ὅτι
769 1269 889 1319 κρίσιν
913 1272 1054 1319 ἀναιρεῖ
1079 1270 1138 1307 καὶ
1164 1269 1394 1319 δικαστηρια,
1420 1287 1479 1307 και

150 1324 216 1372 τὴν
241 1325 416 1373 τιμωρίαν
444 1325 516 1361 ἀπὸ
541 1326 605 1372 τῆς
634 1324 750 1364 αἷτιας
776 1325 1035 1390 γεγραμμένην
1064 1325 1150 1374 ἔχει,
1172 1324 1338 1372 δεύτερον
1366 1324 1404 1361 δὲ
1426 1341 1478 1373 μη

149 1380 355 1427 συμφέρειν
385 1381 461 1418 τοῖς
491 1377 700 1426 Αθηναίοις
730 1380 903 1427 τοιαύτην
936 1378 1138 1430 Χαριδήμῳ
1171 1378 1295 1416 δοῦναι
1328 1378 1476 1427 δωρεαν·

150 1435 364 1482 ἀπολοῦμεν
391 1434 475 1484 γάρ,
505 1433 616 1481 φησί,
643 1433 702 1470 διὸ.
731 1433 864 1482 ταύτης
894 1434 1145 1482 Χερρόνησον.
1203 1434 1245 1470 τὸ
1275 1431 1304 1470 δ’
1333 1432 1430 1472 ὅπως
1459 1434 1479 1470 ὁ

149 1488 263 1538 λόγος
282 1487 402 1532 δείξει.
443 1488 603 1533 ἐξετάζει
623 1487 661 1524 δὲ
683 1488 741 1524 καὶ
760 1487 827 1536 τὴν
846 1490 911 1526 τοῦ
930 1488 1133 1536 προσώπου
1152 1487 1344 1535 ποιότητα,
1359 1488 1479 1538 λέγων

93 1557 130 1589 15
149 1543 215 1578 οὐκ
235 1541 324 1579 εἶναι
344 1541 484 1590 δωρεῶν
504 1542 607 1587 ἅξιον
625 1542 689 1580 τὸν
710 1541 938 1591 Χαρίδημον,
961 1542 1020 1579 καὶ
1039 1544 1154 1580 ταῦτα
1173 1542 1359 1580 τοιούτων.

630 1668 754 1695 ΕΤΕΡΑ
784 1667 1000 1696 ‘mom-3212.

203 1741 250 1779 ‘H
272 1743 418 1792 Εὔβοια
441 1743 508 1791 μία
532 1744 645 1791 νῆσος
674 1743 889 1791 καταντικρὺ
915 1744 980 1790 τῆς
1006 1741 1187 1790 Ἀττικῆς,
1210 1742 1387 1791 διήκουσα
1414 1744 1479 1791 τῆς

150 1797 326 1836 Βοιωτίας
352 1798 412 1835 καὶ
438 1799 503 1846 τῆς
525 1797 688 1837 Φωκίδος
713 1797 822 1848 μέχρι
849 1800 920 1834 τῶν
946 1795 1124 1844 Ἀφετῶν·
1164 1795 1321 1843 Ἀφεταὶ
1351 1797 1387 1834 δὲ
1414 1799 1478 1845 τῆς

149 1852 352 1891 Θετταλίας
378 1851 501 1891 τόπος.
569 1852 678 1901 ἴσμεν
705 1851 743 1890 δὲ
770 1851 824 1889 ὅτι
850 1852 966 1902 χωρία
992 1852 1119 1888 πολλὰ
1146 1850 1243 1901 εἶχεν
1269 1851 1291 1899 ἡ
1318 1852 1475 1899 Εὔβοια.

92 1921 131 1943 20
149 1905 229 1942 ἔστι
252 1905 289 1942 δὲ
314 1908 352 1943 ἐν
377 1906 424 1956 τῇ
447 1906 592 1956 Εὐβοίᾳ
619 1907 753 1956 χωρίον
777 1906 914 1955 Ὠρεός·
950 1908 1015 1943 τοῦ
1045 1904 1176 1954 Ὠρεοῦ
1205 1904 1244 1943 δὲ
1273 1906 1293 1943 ὅ
1322 1907 1477 1953 πολίτης

147 1958 323 2008 Ὠρείτης.
399 1959 566 2009 Ὠρείτης
604 1960 668 1998 οὖν
704 1977 758 2000 τις
796 1960 1011 2009 Χαρίδημος
1050 1959 1099 1998 ὢν
1136 1960 1287 2013 ξειαγὸς
1324 1960 1368 2009 ἦν
1406 1966 1477 1999 τῶν

147 2011 360 2063 Ἀθηναίων.
430 2015 580 2066 ξεναγὸς
612 2014 652 2052 δέ
680 2017 792 2058 ἐστιν,
824 2014 884 2052 ὅτε
914 2032 968 2055 τις
998 2016 1211 2065 στράτευμα
1242 2015 1351 2061 ξενων
1384 2016 1476 2065 ὑπέρ

146 2084 243 2108 τινος
269 2069 389 2106 ἄλλου
415 2070 551 2118 τρέφει.
611 2069 670 2107 διὰ
695 2072 803 2106 τοῦτο
830 2069 894 2107 οὖν
921 2069 980 2106 καὶ
1006 2069 1111 2111 οὗτος
1140 2070 1291 2121 ἐλέγετο
1311 2070 1472 2121 ξεναγός,

147 2122 270 2171 ἐπειδὴ
291 2123 502 2173 στράτευμα
523 2123 632 2169 ξένων
651 2123 801 2172 ἔτρεφεν
822 2125 914 2173 ὑπὲρ
933 2125 1149 2174 συμμαχίας
1168 2127 1240 2162 τῶν
1258 2124 1472 2172 Ἀθηναίων.

90 2192 127 2222 25
146 2175 191 2223 ἦν
211 2176 274 2215 οὖν
296 2180 367 2215 τῶν
389 2180 457 2226 μὲν
481 2176 686 2226 Ἀθηναίων
710 2178 871 2229 ξεναγός,
891 2179 1064 2230 γαμβρὸς
1090 2178 1129 2217 δὲ
1157 2179 1300 2218 Κότυος
1320 2181 1383 2216 τοῦ
1403 2182 1474 2216 τῶν

145 2233 299 2281 Θρᾳκῶν
320 2232 511 2280 βασιλέως
538 2232 597 2269 καὶ
622 2233 841 2284 στρατηγός.
904 2234 924 2270 ὃ
952 2233 989 2270 δὲ
1019 2233 1139 2272 Κότυς
1164 2233 1361 2281 παρέλαβέ
1384 2250 1473 2270 ποτε

145 2285 212 2333 τὴν
231 2287 470 2335 Χερρόνησον
484 2286 550 2334 τὴν
568 2285 772 2335 Ἀθηναίων
792 2287 919 2325 οὖσαν.
962 2287 1020 2324 καὶ
1038 2287 1263 2335 τελευτήσας
1279 2287 1474 2325 κατέλιπεν

187 2398 208 2426 9
232 2389 397 2430 χρώμενος
424 2389 513 2419 FY:
545 2388 748 2430 χρησάμενος
771 2389 812 2420 al.
975 2399 1011 2428 17
1037 2390 1088 2422 διὰ
1113 2394 1188 2429 post
1214 2390 1370 2428 διήκουσα
1393 2390 1469 2421 add.

144 2432 254 2472 vulg.:
279 2441 344 2463 om.
363 2432 428 2463 TC
449 2432 540 2473 (vide
557 2433 599 2463 ad
616 2433 687 2462 xxii
704 2442 774 2472 arg.
796 2435 811 2470 §
829 2432 865 2472 9)
1283 2477 1341 2507 10*

1507 2196 1526 2220 Ν
