1737 2734
88 142 205 196 [644]

158 594 203 627 74

80 1297 197 1351 [645]

155 1363 194 1398 75

664 144 1144 182 ΔΗΜΟΣΘΕΝΟΎΣ
1439 141 1562 195 [xxm

236 250 367 289 τοίνυν
420 249 574 289 ἅπαντα
626 250 782 289 δικαίως
834 250 933 288 οὕτω
987 248 1222 299 διορισθένθ’
1271 249 1344 289 ὑπὸ
1394 254 1472 290 τῶν
1521 251 1567 302 ἐξ

235 316 359 368 ἀρχῆς
390 315 742 365 νομοθετησάντων
768 314 923 366 παρέβη
949 315 1115 367 γράφων
1140 315 1183 354 τὸ
1207 314 1388 367 ψήφισμ’
1414 318 1560 357 οὑτοσί.

235 385 356 421 ταῦτα
390 384 462 432 μὲν
498 381 543 430 δὴ
582 382 649 421 δύο
685 385 901 431 τηλικαῦτα
938 383 999 421 καὶ
1035 385 1194 421 τοιαῦτα
1232 382 1463 433 δικαστήρια
1500 385 1561 423 καὶ

235 448 365 498 νόμιμ’
395 450 437 488 ἐκ
468 448 614 489 παντὸς
643 451 709 487 τοῦ
742 449 887 501 χρόνου
917 447 1212 499 παραδεδομένα
1244 450 1364 490 οὕτως
1396 450 1561 492 ἀναιδῶς

234 514 567 565 ὑπερπεπήδηκεν.

300 581 445 632 Τρίτον
482 581 514 621 δ’
551 582 686 633 ἕτερον
723 581 818 633 πρὸς
855 582 1007 623 τούτοις
1044 581 1307 633 δικαστήριον,
1346 582 1366 622 ὃ
1403 581 1560 622 πάντων

234 647 433 698 ἁγιώτατα
464 648 614 688 τούτων
648 648 731 700 ἔχει
765 649 827 688 καὶ
862 648 1176 700 φρικωδέστατα,
1212 649 1260 688 ἄν
1292 666 1350 690 τις
1384 649 1560 705 ὁμολογῇ

231 717 304 763 μὲν
325 718 482 759 κτεῖναι,
508 715 681 764 ἐννόμως
705 717 746 755 δὲ
767 720 823 771 φῇ
844 714 1083 766 δεδρακέναι.
1144 719 1258 754 τοῦτο
1282 715 1314 754 δ’
1336 715 1423 755 ἐστὶ
1447 715 1559 755 τούπὶ

234 781 454 834 Δελφινίῳ.
527 784 685 821 δοκοῦσι
716 780 790 832 γάρ
818 798 897 831 μοι,
929 780 958 821 ὦ
993 781 1130 832 ἄνδρες
1163 782 1359 826 δικασταί,
1394 781 1559 831 ζητῆσαι

231 850 344 886 τοῦτο
375 851 531 899 πρῶτον
563 847 748 887 ἁπάντων
782 850 818 887 οἱ
855 848 942 899 περὶ
976 848 1124 888 τούτων
1158 849 1200 887 ἐν
1233 848 1335 904 ἀρχῇ
1363 849 1411 887 τὰ
1444 848 1558 888 δίκαι’

231 914 449 964 ὁρίσαντες,
477 913 609 965 πότερ’
635 913 774 954 οὐδένα
804 914 878 966 χρὴ
906 915 1030 966 φόνον
1061 915 1176 954 ὅσιον
1206 913 1305 954 εἶναι
1335 914 1506 964 νομίζειν
1534 912 1557 963 ἦ

230 979 317 1020 τινά
354 979 393 1032 γ’
429 980 514 1020 ἔσθ’
552 982 667 1021 ὅσιον
707 980 930 1031 νομιστέον,
970 981 1221 1032 λογιζόμενοι
1260 980 1292 1020 δ’
1328 981 1388 1020 ὅτι
1424 979 1557 1032 μητέρ’

230 1046 424 1097 Ὀρέστης
454 1048 678 1088 ἀπεκτονὼς
707 1049 914 1098 ὁμολογῶν
945 1050 1045 1087 θεῶν
1073 1050 1270 1087 δικαστῶν
1299 1048 1429 1100 τυχὼν
1458 1048 1553 1087 ἀπο-

231 1112 437 1165 φυγγάνει,
465 1115 626 1164 νομίσαι
652 1114 801 1153 δίκαιόν
826 1113 897 1153 τιν’
919 1114 1017 1154 εἶναι
1038 1114 1176 1166 φόνον·
1214 1113 1259 1153 οὐ
1278 1116 1353 1166 γὰρ
1372 1113 1420 1153 ἂν
1438 1112 1486 1153 τά
1511 1131 1556 1165 γε

229 1180 280 1229 μὴ
306 1182 436 1220 δίκαια
465 1180 577 1222 θεοὺς
602 1182 879 1232 ψηφίσασθαι.
951 1180 1001 1222 ὡς
1031 1183 1071 1220 δὲ
1102 1179 1204 1219 τοῦτ’
1231 1181 1433 1231 ἐνόμισαν,
1460 1179 1554 1233 γρά-

229 1253 378 1297 φουσιν
408 1247 479 1296 ἤδη
511 1247 572 1286 καὶ
602 1247 815 1298 διορίζουσι
845 1250 987 1298 σαφῶς
1016 1246 1083 1298 ἐφ’
1109 1248 1166 1288 οἷς
1196 1246 1340 1297 ἐξεῖναι
1370 1248 1553 1287 ἀποκτιν-

229 1314 352 1353 νύναι.
412 1313 504 1354 ἀλλ’
529 1314 602 1367 οὐχ
628 1313 740 1355 οὗτος
765 1313 878 1354 οὐδὲν
904 1315 1084 1365 ἀφεῖλεν,
1113 1313 1204 1353 ἀλλ’
1230 1315 1379 1359 ἁπλῶς,
1406 1313 1474 1353 ἐάν
1498 1330 1556 1355 τις

229 1381 440 1436 ἀποκτείνῃ
462 1381 701 1431 Χαρίδημον,
725 1380 796 1420 κᾶν
816 1381 985 1425 δικαίως,
1008 1380 1078 1420 κᾶν
1099 1381 1149 1421 ὡς
1168 1382 1204 1420 οἱ
1230 1381 1341 1430 νόμοι
1360 1381 1553 1425 διδόασιν,

229 1448 388 1486 ἔκδοτον
413 1451 530 1488 ποιεῖ.
603 1449 726 1487 καίτοι
752 1448 874 1487 πᾶσίν
901 1449 980 1486 εἰσ-ι
1005 1446 1210 1498 πράγμασι
1242 1447 1302 1486 καὶ
1327 1448 1463 1498 λόγοις
1487 1447 1555 1487 δύο

230 1515 464 1564 προσθῆκαι,
502 1514 524 1564 ἡ
562 1518 631 1554 τοῦ
666 1515 815 1554 δικαίου
853 1515 913 1554 καὶ
952 1515 1096 1553 ἀδίκου·
1135 1514 1180 1555 ἃς
1216 1512 1296 1563 ἅμα
1330 1515 1402 1563 μὲν
1437 1513 1554 1553 ταύτὸ

229 1580 374 1632 πρᾶγμ’
399 1580 511 1622 οὐδὲν
537 1581 585 1621 ἂν
610 1582 767 1621 δύναιτο
798 1584 915 1634 σχεῖν
939 1581 1026 1620 οὐδὲ
1057 1581 1179 1632 λόγος
1209 1581 1336 1622 οὐδείς
1358 1580 1454 1629 (πῶς
1479 1581 1553 1631 γὰρ

226 1646 275 1687 ἂν
301 1647 414 1687 δίκαι’
434 1647 514 1697 ἅμα
538 1648 658 1687 ταύτὰ
685 1649 745 1687 καὶ
770 1647 821 1697 μὴ
848 1646 1038 1699 γένοιτοῆ
1074 1648 1145 1696 τὴν
1171 1646 1308 1698 ἑτέραν
1332 1646 1365 1687 δ’
1386 1647 1555 1687 ἕκαστον

227 1714 322 1766 ἕχον
341 1714 600 1765 δοκιμάζεται,
621 1715 692 1754 κᾶν
711 1717 783 1765 μὲν
799 1714 870 1763 τὴν
887 1714 1021 1754 ἄδικον
1037 1719 1158 1770 φανῇ,
1177 1713 1349 1766 πονηρὸν
1369 1714 1551 1765 κρίνεται,

226 1779 275 1820 ἂν
307 1783 347 1820 δὲ
380 1781 452 1831 την
484 1783 649 1826 δικαίαν,
685 1781 861 1835 χρηστὸν
895 1782 957 1821 καὶ
992 1781 1126 1820 καλόν.
1198 1781 1248 1820 σὺ
1278 1782 1411 1820 τοίνυν
1443 1780 1550 1820 οὐδε-

226 1847 343 1898 τέραν
362 1848 611 1899 προσέθηκας
630 1848 790 1893 τούτων,
814 1851 821 1864 ‘
839 1847 887 1887 ἄν
907 1865 965 1889 τις
990 1848 1200 1903 ἀποκτείνῃ
1214 1846 1222 1859 ’
1243 1846 1421 1899 γράφων·
1459 1846 1551 1887 ἀλλ’
1596 1866 1611 1895 5

227 1915 412 1965 ἀόριστον
451 1916 571 1955 εἰπὼν
609 1915 728 1964 αὐτὴν
767 1915 838 1964 την
878 1915 1018 1960 αἰτίαν,
1060 1915 1121 1954 καὶ
1159 1915 1258 1964 μετὰ
1295 1913 1401 1954 ταῦτ’
1443 1913 1552 1954 εὐθὺς

226 1981 493 2033 προσγράψας
513 1982 714 2033 ἀγώγιμον
735 1982 846 2026 εἶναι,
868 1983 998 2033 τρίτον
1018 1982 1124 2021 τουτὶ
1150 1980 1403 2032 δικαστήριον
1425 1980 1552 2020 καὶτὰ

226 2048 362 2087 τούτου
390 2049 534 2099 νόμιμα
561 2049 856 2100 παραβεβηκὼς
881 2049 1025 2100 φαίνει.

291 2114 492 2166 Τέταρτον
528 2117 660 2155 τοίνυν
696 2115 800 2154 ἄλλο
837 2115 932 2165 πρὸς
968 2115 1118 2157 τούτοις
1155 2114 1270 2154 τούπὶ
1308 2115 1550 2167 Πρυτανείῳ.

225 2184 337 2220 τοῦτο
363 2181 395 2220 δ’
416 2183 503 2222 ἐστὶ
528 2183 583 2224 τίς
623 2183 691 2221 ἐὰν
716 2183 827 2223 λίθος
851 2179 874 2231 ἦ
901 2179 1062 2232 ξύλονῆ
1084 2182 1244 2232 σίδηρος
1271 2180 1292 2231 η’
1317 2197 1352 2220 τι
1377 2184 1552 2220 τοιοῦτον
1573 2199 1587 2228 5

268 2300 287 2328 5
328 2291 530 2332 ὑπερβέβηκε
565 2291 589 2321 F
619 2305 669 2332 γρ.
856 2302 877 2330 9
917 2292 1065 2323 δικασταί
1098 2291 1120 2320 S
1136 2291 1163 2320 Y
1178 2291 1230 2321 O:
1269 2291 1427 2328 Ἀθηναῖοι
1460 2290 1549 2329 vulg.

232 2344 265 2363 12
292 2334 374 2374 ἔσθ’]
394 2333 500 2366 ἔσεσθ’
517 2335 547 2364 Λ
669 2344 706 2373 13
732 2334 916 2375 ὁμολογῶν]
936 2337 1074 2373 εὐμενῶν
1091 2334 1231 2364 Aristid.
1252 2334 1317 2364 Rh.
1337 2334 1394 2364 Gr.
1416 2334 1448 2363 ix
1466 2343 1548 2372 345:

226 2387 288 2407 om.
310 2378 414 2408 schol.
437 2378 600 2416 Hcrmog.
624 2378 689 2408 Rh.
711 2378 768 2408 Gr.
792 2379 822 2407 ix·
840 2379 904 2408 828
1087 2388 1119 2415 [7
1150 2377 1300 2417 ἀφεῖλεν]
1327 2377 1400 2407 sort.
1419 2379 1547 2408 διεῖλεν,

225 2421 265 2450 cf.
287 2423 300 2457 §
321 2430 359 2458 54
451 2431 492 2451 22
518 2422 657 2453 ἕκαστον
675 2422 779 2454 αἰτίαν
795 2421 818 2452 F
831 2427 864 2451 et
879 2422 908 2451 O
923 2432 1024 2460 marg.
1115 2431 1158 2460 30
1184 2422 1254 2452 ἐστὶ
1271 2421 1323 2457 τί;
1340 2420 1392 2450 A:
1419 2421 1508 2452 ἐστὶν
1525 2420 1549 2450 S

1580 536 1596 566 5

1580 866 1616 888 10

1579 1199 1616 1231 15

1577 1532 1615 1553 20
