<?xml version="1.0" encoding="UTF-8"?>
<!DOCTYPE html PUBLIC "-//W3C//DTD XHTML 1.0 Transitional//EN"
    "http://www.w3.org/TR/xhtml1/DTD/xhtml1-transitional.dtd">
<html xmlns="http://www.w3.org/1999/xhtml" xml:lang="en" lang="en">
 <head>
  <title>
</title>
<meta http-equiv="Content-Type" content="text/html;charset=utf-8" />
  <meta name='ocr-system' content='tesseract 3.04.00' />
  <meta name='ocr-capabilities' content='ocr_page ocr_carea ocr_par ocr_line ocrx_word'/>
</head>
<body>
  <div class='ocr_page' id='page_1' title='image "./p1orationesrecog02demouoft_0069.png"; bbox 0 0 1737 2734; ppageno 0'>
   <div class='ocr_carea' id='block_1_1' title="bbox 0 21 5 576">
    <p class='ocr_par' dir='ltr' id='par_1_1' title="bbox 0 21 5 576">
     <span class='ocr_line' id='line_1_1' title="bbox 0 21 5 576; baseline 0 0"><span class='ocrx_word' id='word_1_1' title='bbox 0 21 5 576; x_wconf 95' lang='lat' dir='ltr'> </span> 
     </span>
    </p>
   </div>
   <div class='ocr_carea' id='block_1_2' title="bbox 131 466 149 496">
    <p class='ocr_par' dir='ltr' id='par_1_2' title="bbox 131 466 149 496">
     <span class='ocr_line' id='line_1_2' title="bbox 131 466 149 496; textangle 90"><span class='ocrx_word' id='word_1_2' title='bbox 131 466 149 496; x_wconf 59' lang='grc' dir='ltr'>Οἵ</span> 
     </span>
    </p>
   </div>
   <div class='ocr_carea' id='block_1_3' title="bbox 111 737 148 758">
    <p class='ocr_par' dir='ltr' id='par_1_3' title="bbox 111 737 148 758">
     <span class='ocr_line' id='line_1_3' title="bbox 111 737 148 758; baseline 0 0"><span class='ocrx_word' id='word_1_3' title='bbox 111 737 148 758; x_wconf 87' lang='lat'>10</span> 
     </span>
    </p>
   </div>
   <div class='ocr_carea' id='block_1_4' title="bbox 106 1279 146 1301">
    <p class='ocr_par' dir='ltr' id='par_1_4' title="bbox 106 1279 146 1301">
     <span class='ocr_line' id='line_1_4' title="bbox 106 1279 146 1301; baseline 0.025 -1"><span class='ocrx_word' id='word_1_4' title='bbox 106 1279 146 1301; x_wconf 86' lang='lat'>20</span> 
     </span>
    </p>
   </div>
   <div class='ocr_carea' id='block_1_5' title="bbox 104 2088 140 2118">
    <p class='ocr_par' dir='ltr' id='par_1_5' title="bbox 104 2088 140 2118">
     <span class='ocr_line' id='line_1_5' title="bbox 104 2088 140 2118; baseline 0 0"><span class='ocrx_word' id='word_1_5' title='bbox 104 2088 140 2118; x_wconf 80' lang='lat'>35</span> 
     </span>
    </p>
   </div>
   <div class='ocr_carea' id='block_1_6' title="bbox 174 132 1079 186">
    <p class='ocr_par' dir='ltr' id='par_1_6' title="bbox 174 132 1079 186">
     <span class='ocr_line' id='line_1_6' title="bbox 174 132 1079 186; baseline 0 -13"><span class='ocrx_word' id='word_1_6' title='bbox 174 132 263 186; x_wconf 87' lang='lat' dir='ltr'>xx1]</span> <span class='ocrx_word' id='word_1_7' title='bbox 592 135 753 174; x_wconf 81' lang='grc' dir='ltr'>ΚΑΤΑ</span> <span class='ocrx_word' id='word_1_8' title='bbox 802 136 1079 173; x_wconf 78' lang='grc' dir='ltr'>ΜΕῙΔΙΟΎ</span> 
     </span>
    </p>
   </div>
   <div class='ocr_carea' id='block_1_7' title="bbox 161 231 1507 1805">
    <p class='ocr_par' dir='ltr' id='par_1_7' title="bbox 161 231 1507 1805">
     <span class='ocr_line' id='line_1_7' title="bbox 172 231 1506 284; baseline -0.001 -13"><span class='ocrx_word' id='word_1_9' title='bbox 172 232 307 284; x_wconf 79' lang='grc' dir='ltr'>ᾆσαντι</span> <span class='ocrx_word' id='word_1_10' title='bbox 327 234 451 272; x_wconf 57' lang='grc' dir='ltr'>δοῦναι</span> <span class='ocrx_word' id='word_1_11' title='bbox 477 234 544 282; x_wconf 80' lang='grc' dir='ltr'>τὴν</span> <span class='ocrx_word' id='word_1_12' title='bbox 570 234 683 283; x_wconf 83' lang='grc' dir='ltr'>νίκην,</span> <span class='ocrx_word' id='word_1_13' title='bbox 706 235 841 271; x_wconf 74' lang='grc' dir='ltr'>νύττων</span> <span class='ocrx_word' id='word_1_14' title='bbox 867 233 998 272; x_wconf 70' lang='grc' dir='ltr'>αὐτοὺς</span> <span class='ocrx_word' id='word_1_15' title='bbox 1023 234 1042 270; x_wconf 87' lang='grc' dir='ltr'><strong>ὁ</strong></span> <span class='ocrx_word' id='word_1_16' title='bbox 1070 231 1225 271; x_wconf 79' lang='grc' dir='ltr'>Μειδίας</span> <span class='ocrx_word' id='word_1_17' title='bbox 1252 233 1359 284; x_wconf 78' lang='grc' dir='ltr'>ἔλεγε</span> <span class='ocrx_word' id='word_1_18' title='bbox 1381 237 1389 251; x_wconf 93' lang='lat'>‘</span> <span class='ocrx_word' id='word_1_19' title='bbox 1405 232 1506 280; x_wconf 79' lang='grc' dir='ltr'>πλὴν</span> 
     </span>
     <span class='ocr_line' id='line_1_8' title="bbox 172 287 1506 354; baseline -0.001 -30"><span class='ocrx_word' id='word_1_20' title='bbox 172 288 461 338; x_wconf 79' lang='grc' dir='ltr'>Δημοσθένους·’</span> <span class='ocrx_word' id='word_1_21' title='bbox 505 288 589 326; x_wconf 86' lang='grc' dir='ltr'>ὅθεν</span> <span class='ocrx_word' id='word_1_22' title='bbox 618 290 638 326; x_wconf 87' lang='grc' dir='ltr'>ὁ</span> <span class='ocrx_word' id='word_1_23' title='bbox 669 288 916 337; x_wconf 81' lang='grc' dir='ltr'>Δημοσθένης</span> <span class='ocrx_word' id='word_1_24' title='bbox 947 288 1041 335; x_wconf 81' lang='grc' dir='ltr'>ἐβόα</span> <span class='ocrx_word' id='word_1_25' title='bbox 1070 288 1234 354; x_wconf 81' lang='grc' dir='ltr'>ἐλέγχων</span> <span class='ocrx_word' id='word_1_26' title='bbox 1264 287 1387 325; x_wconf 76' lang='grc' dir='ltr'>αὐτόν.</span> <span class='ocrx_word' id='word_1_27' title='bbox 1447 287 1506 323; x_wconf 81' lang='grc' dir='ltr'>καὶ</span> 
     </span>
     <span class='ocr_line' id='line_1_9' title="bbox 171 341 1506 391; baseline -0.001 -11"><span class='ocrx_word' id='word_1_28' title='bbox 171 345 349 380; x_wconf 79' lang='grc' dir='ltr'>τελευτῶν</span> <span class='ocrx_word' id='word_1_29' title='bbox 370 345 419 382; x_wconf 81' lang='grc' dir='ltr'>εἷς</span> <span class='ocrx_word' id='word_1_30' title='bbox 438 360 610 391; x_wconf 82' lang='grc' dir='ltr'>τοιαυτην</span> <span class='ocrx_word' id='word_1_31' title='bbox 630 342 722 391; x_wconf 86' lang='grc' dir='ltr'>ηλθε</span> <span class='ocrx_word' id='word_1_32' title='bbox 741 343 875 391; x_wconf 88' lang='grc' dir='ltr'>μανίαν</span> <span class='ocrx_word' id='word_1_33' title='bbox 896 343 915 379; x_wconf 88' lang='grc' dir='ltr'><strong>ὁ</strong></span> <span class='ocrx_word' id='word_1_34' title='bbox 938 341 1143 385; x_wconf 65' lang='lat' dir='ltr'>Meth5‚‘&#39;</span> <span class='ocrx_word' id='word_1_35' title='bbox 1121 358 1217 378; x_wconf 90' lang='grc' dir='ltr'>ωστε</span> <span class='ocrx_word' id='word_1_36' title='bbox 1239 343 1276 378; x_wconf 87' lang='grc' dir='ltr'>ἐν</span> <span class='ocrx_word' id='word_1_37' title='bbox 1295 358 1346 391; x_wconf 78' lang='grc' dir='ltr'>τῳ</span> <span class='ocrx_word' id='word_1_38' title='bbox 1367 341 1506 391; x_wconf 80' lang='grc' dir='ltr'>θεάτρῳ</span> 
     </span>
     <span class='ocr_line' id='line_1_10' title="bbox 171 380 1507 447; baseline -0.001 -14"><span class='ocrx_word' id='word_1_39' title='bbox 171 396 349 435; x_wconf 81' lang='grc' dir='ltr'>κόνδυλον</span> <span class='ocrx_word' id='word_1_40' title='bbox 369 398 467 434; x_wconf 79' lang='grc' dir='ltr'>αὐτω</span> <span class='ocrx_word' id='word_1_41' title='bbox 486 399 695 447; x_wconf 79' lang='grc' dir='ltr'>παρασχεῖν</span> <span class='ocrx_word' id='word_1_42' title='bbox 716 397 775 433; x_wconf 84' lang='grc' dir='ltr'>καὶ</span> <span class='ocrx_word' id='word_1_43' title='bbox 794 396 861 444; x_wconf 85' lang='grc' dir='ltr'>τὴν</span> <span class='ocrx_word' id='word_1_44' title='bbox 883 397 981 445; x_wconf 80' lang='grc' dir='ltr'>ἱερὰν</span> <span class='ocrx_word' id='word_1_45' title='bbox 1003 395 1218 445; x_wconf 75' lang='grc' dir='ltr'>περιρρηξαι</span> <span class='ocrx_word' id='word_1_46' title='bbox 1239 380 1391 443; x_wconf 48' lang='grc' dir='ltr'>ἐσθῆιτα.</span> <span class='ocrx_word' id='word_1_47' title='bbox 1447 412 1507 432; x_wconf 91' lang='grc' dir='ltr'>και</span> 
     </span>
     <span class='ocr_line' id='line_1_11' title="bbox 172 450 1507 500; baseline -0.002 -11"><span class='ocrx_word' id='word_1_48' title='bbox 172 450 297 489; x_wconf 69' lang='grc' dir='ltr'>ἷδὼν“</span> <span class='ocrx_word' id='word_1_49' title='bbox 282 469 302 488; x_wconf 89' lang='grc' dir='ltr'>ο</span> <span class='ocrx_word' id='word_1_50' title='bbox 329 451 443 500; x_wconf 84' lang='grc' dir='ltr'>δημος</span> <span class='ocrx_word' id='word_1_51' title='bbox 470 453 716 500; x_wconf 78' lang='grc' dir='ltr'>ἕπεο-ι’ριττεν·</span> <span class='ocrx_word' id='word_1_52' title='bbox 753 451 856 490; x_wconf 81' lang='grc' dir='ltr'>ὅστις</span> <span class='ocrx_word' id='word_1_53' title='bbox 884 451 1070 500; x_wconf 79' lang='grc' dir='ltr'>συρισμὸς</span> <span class='ocrx_word' id='word_1_54' title='bbox 1099 451 1201 499; x_wconf 82' lang='grc' dir='ltr'>παρὰ</span> <span class='ocrx_word' id='word_1_55' title='bbox 1229 466 1306 488; x_wconf 88' lang='grc' dir='ltr'>τοις</span> <span class='ocrx_word' id='word_1_56' title='bbox 1334 451 1507 489; x_wconf 82' lang='grc' dir='ltr'>παλαιοῖς</span> 
     </span>
     <span class='ocr_line' id='line_1_12' title="bbox 170 504 1506 554; baseline -0.001 -12"><span class='ocrx_word' id='word_1_57' title='bbox 170 506 230 543; x_wconf 81' lang='grc' dir='ltr'>ἐπὶ</span> <span class='ocrx_word' id='word_1_58' title='bbox 251 507 362 542; x_wconf 78' lang='grc' dir='ltr'>κακοῦ</span> <span class='ocrx_word' id='word_1_59' title='bbox 383 506 630 554; x_wconf 82' lang='grc' dir='ltr'>ἐλαμβάνετο.</span> <span class='ocrx_word' id='word_1_60' title='bbox 676 506 847 542; x_wconf 83' lang='grc' dir='ltr'>ἀπελθων</span> <span class='ocrx_word' id='word_1_61' title='bbox 871 504 944 542; x_wconf 62' lang='grc' dir='ltr'>δὲ’</span> <span class='ocrx_word' id='word_1_62' title='bbox 930 522 949 542; x_wconf 90' lang='grc' dir='ltr'>ο</span> <span class='ocrx_word' id='word_1_63' title='bbox 971 504 1220 554; x_wconf 79' lang='grc' dir='ltr'>Δημοσθένης</span> <span class='ocrx_word' id='word_1_64' title='bbox 1242 505 1427 553; x_wconf 84' lang='grc' dir='ltr'>ἐσκέψατο</span> <span class='ocrx_word' id='word_1_65' title='bbox 1442 504 1506 541; x_wconf 79' lang='grc' dir='ltr'>τὸν</span> 
     </span>
     <span class='ocr_line' id='line_1_13' title="bbox 168 557 1506 611; baseline -0.001 -14"><span class='ocrx_word' id='word_1_66' title='bbox 168 560 334 609; x_wconf 81' lang='grc' dir='ltr'>παρόντα</span> <span class='ocrx_word' id='word_1_67' title='bbox 354 560 481 611; x_wconf 85' lang='grc' dir='ltr'>λόγον,</span> <span class='ocrx_word' id='word_1_68' title='bbox 500 563 713 611; x_wconf 78' lang='grc' dir='ltr'>κατηγορῶν</span> <span class='ocrx_word' id='word_1_69' title='bbox 729 561 840 596; x_wconf 75' lang='grc' dir='ltr'>αὐτοῦ</span> <span class='ocrx_word' id='word_1_70' title='bbox 857 559 1047 608; x_wconf 85' lang='grc' dir='ltr'>δημοσιων</span> <span class='ocrx_word' id='word_1_71' title='bbox 1064 559 1308 608; x_wconf 78' lang='grc' dir='ltr'>ἀδικημάτων·</span> <span class='ocrx_word' id='word_1_72' title='bbox 1342 561 1379 596; x_wconf 89' lang='grc' dir='ltr'>ἐν</span> <span class='ocrx_word' id='word_1_73' title='bbox 1401 557 1427 609; x_wconf 76' lang='grc' dir='ltr'>ᾧ</span> <span class='ocrx_word' id='word_1_74' title='bbox 1447 559 1506 595; x_wconf 85' lang='grc' dir='ltr'>καὶ</span> 
     </span>
     <span class='ocr_line' id='line_1_14' title="bbox 169 613 1507 663; baseline -0.001 -13"><span class='ocrx_word' id='word_1_75' title='bbox 169 613 370 662; x_wconf 81' lang='grc' dir='ltr'>διαβάλλει</span> <span class='ocrx_word' id='word_1_76' title='bbox 389 615 453 652; x_wconf 83' lang='grc' dir='ltr'>τὸν</span> <span class='ocrx_word' id='word_1_77' title='bbox 474 614 667 652; x_wconf 63' lang='grc' dir='ltr'>Μειδιαν“</span> <span class='ocrx_word' id='word_1_78' title='bbox 649 630 696 653; x_wconf 89' lang='grc' dir='ltr'>ως</span> <span class='ocrx_word' id='word_1_79' title='bbox 717 614 906 662; x_wconf 84' lang='grc' dir='ltr'>κλέψαντα</span> <span class='ocrx_word' id='word_1_80' title='bbox 927 617 998 651; x_wconf 81' lang='grc' dir='ltr'>τῶν</span> <span class='ocrx_word' id='word_1_81' title='bbox 1018 617 1169 663; x_wconf 81' lang='grc' dir='ltr'>χρυσῶν</span> <span class='ocrx_word' id='word_1_82' title='bbox 1189 614 1336 661; x_wconf 87' lang='grc' dir='ltr'>στεφάι</span> <span class='ocrx_word' id='word_1_83' title='bbox 1339 631 1386 650; x_wconf 89' lang='grc' dir='ltr'>ων</span> <span class='ocrx_word' id='word_1_84' title='bbox 1406 614 1507 662; x_wconf 78' lang='grc' dir='ltr'>παρὰ</span> 
     </span>
     <span class='ocr_line' id='line_1_15' title="bbox 168 667 1506 719; baseline -0.001 -14"><span class='ocrx_word' id='word_1_85' title='bbox 168 670 233 705; x_wconf 79' lang='grc' dir='ltr'>τοῦ</span> <span class='ocrx_word' id='word_1_86' title='bbox 252 669 478 718; x_wconf 87' lang='grc' dir='ltr'>χρυσοχόου.</span> <span class='ocrx_word' id='word_1_87' title='bbox 525 670 605 719; x_wconf 84' lang='grc' dir='ltr'>άγει</span> <span class='ocrx_word' id='word_1_88' title='bbox 625 668 746 706; x_wconf 82' lang='grc' dir='ltr'>τοίνυν</span> <span class='ocrx_word' id='word_1_89' title='bbox 766 669 877 705; x_wconf 72' lang='grc' dir='ltr'>αὐτὸν</span> <span class='ocrx_word' id='word_1_90' title='bbox 899 668 959 704; x_wconf 85' lang='grc' dir='ltr'>ἐπὶ</span> <span class='ocrx_word' id='word_1_91' title='bbox 978 667 1045 715; x_wconf 84' lang='grc' dir='ltr'>τὴν</span> <span class='ocrx_word' id='word_1_92' title='bbox 1067 685 1188 717; x_wconf 89' lang='grc' dir='ltr'>κρισιν</span> <span class='ocrx_word' id='word_1_93' title='bbox 1209 669 1228 704; x_wconf 86' lang='grc' dir='ltr'>ὁ</span> <span class='ocrx_word' id='word_1_94' title='bbox 1249 684 1381 716; x_wconf 78' lang='grc' dir='ltr'>ρητωρ,</span> <span class='ocrx_word' id='word_1_95' title='bbox 1398 685 1506 704; x_wconf 80' lang='grc' dir='ltr'>κατα-</span> 
     </span>
     <span class='ocr_line' id='line_1_16' title="bbox 168 722 1505 789; baseline -0.001 -30"><span class='ocrx_word' id='word_1_96' title='bbox 168 724 270 772; x_wconf 74' lang='grc' dir='ltr'>φορᾷ</span> <span class='ocrx_word' id='word_1_97' title='bbox 301 723 462 789; x_wconf 85' lang='grc' dir='ltr'>πλείστη</span> <span class='ocrx_word' id='word_1_98' title='bbox 498 723 555 759; x_wconf 78' lang='grc' dir='ltr'>καὶ</span> <span class='ocrx_word' id='word_1_99' title='bbox 584 723 677 760; x_wconf 87' lang='grc' dir='ltr'>τόνω</span> <span class='ocrx_word' id='word_1_100' title='bbox 707 722 864 773; x_wconf 68' lang='grc' dir='ltr'>σφοδρῷ</span> <span class='ocrx_word' id='word_1_101' title='bbox 893 722 1245 772; x_wconf 79' lang='grc' dir='ltr'>προσχρησάμενος·</span> <span class='ocrx_word' id='word_1_102' title='bbox 1288 723 1311 770; x_wconf 89' lang='grc' dir='ltr'>ἡ</span> <span class='ocrx_word' id='word_1_103' title='bbox 1340 723 1413 773; x_wconf 80' lang='grc' dir='ltr'>γὰρ</span> <span class='ocrx_word' id='word_1_104' title='bbox 1441 724 1505 759; x_wconf 71' lang='grc' dir='ltr'><em>τοῖ</em></span> 
     </span>
     <span class='ocr_line' id='line_1_17' title="bbox 169 775 1505 827; baseline 0.001 -15.001"><span class='ocrx_word' id='word_1_105' title='bbox 169 777 322 813; x_wconf 76' lang='grc' dir='ltr'>Μειδίου</span> <span class='ocrx_word' id='word_1_106' title='bbox 342 778 540 826; x_wconf 86' lang='grc' dir='ltr'>προπέτεια</span> <span class='ocrx_word' id='word_1_107' title='bbox 568 794 627 814; x_wconf 91' lang='grc' dir='ltr'>και</span> <span class='ocrx_word' id='word_1_108' title='bbox 651 778 674 824; x_wconf 87' lang='grc' dir='ltr'>ἡ</span> <span class='ocrx_word' id='word_1_109' title='bbox 701 779 772 814; x_wconf 79' lang='grc' dir='ltr'>τῶν</span> <span class='ocrx_word' id='word_1_110' title='bbox 798 777 1026 827; x_wconf 75' lang='grc' dir='ltr'>πραγμάτων</span> <span class='ocrx_word' id='word_1_111' title='bbox 1054 776 1206 824; x_wconf 84' lang='grc' dir='ltr'>ποιότης</span> <span class='ocrx_word' id='word_1_112' title='bbox 1226 777 1273 826; x_wconf 84' lang='grc' dir='ltr'>τῇ</span> <span class='ocrx_word' id='word_1_113' title='bbox 1293 775 1505 826; x_wconf 82' lang='grc' dir='ltr'>καταδρομῇ</span> 
     </span>
     <span class='ocr_line' id='line_1_18' title="bbox 167 830 1505 880; baseline -0.001 -13"><span class='ocrx_word' id='word_1_114' title='bbox 167 833 369 880; x_wconf 79' lang='grc' dir='ltr'>συμμαχεῖ.</span> <span class='ocrx_word' id='word_1_115' title='bbox 415 832 438 879; x_wconf 86' lang='grc' dir='ltr'>ἡ</span> <span class='ocrx_word' id='word_1_116' title='bbox 458 831 496 869; x_wconf 85' lang='grc' dir='ltr'>δὲ</span> <span class='ocrx_word' id='word_1_117' title='bbox 517 832 653 870; x_wconf 80' lang='grc' dir='ltr'>στάσις</span> <span class='ocrx_word' id='word_1_118' title='bbox 673 831 788 880; x_wconf 82' lang='grc' dir='ltr'>ὃρική,</span> <span class='ocrx_word' id='word_1_119' title='bbox 808 831 1014 878; x_wconf 79' lang='grc' dir='ltr'>ζητούντων</span> <span class='ocrx_word' id='word_1_120' title='bbox 1034 832 1138 879; x_wconf 83' lang='grc' dir='ltr'>ἡμῶν</span> <span class='ocrx_word' id='word_1_121' title='bbox 1157 831 1196 867; x_wconf 86' lang='grc' dir='ltr'>τί</span> <span class='ocrx_word' id='word_1_122' title='bbox 1214 830 1344 868; x_wconf 78' lang='grc' dir='ltr'>ἵδιον”</span> <span class='ocrx_word' id='word_1_123' title='bbox 1324 847 1440 879; x_wconf 90' lang='grc' dir='ltr'>ονομα</span> <span class='ocrx_word' id='word_1_124' title='bbox 1456 832 1505 867; x_wconf 71' lang='grc' dir='ltr'>τῶ</span> 
     </span>
     <span class='ocr_line' id='line_1_19' title="bbox 168 884 1504 937; baseline 0.001 -17"><span class='ocrx_word' id='word_1_125' title='bbox 168 886 383 935; x_wconf 82' lang='grc' dir='ltr'>ἐγκλήματι·</span> <span class='ocrx_word' id='word_1_126' title='bbox 420 887 440 923; x_wconf 84' lang='grc' dir='ltr'><em>ὃ</em></span> <span class='ocrx_word' id='word_1_127' title='bbox 465 888 532 934; x_wconf 83' lang='grc' dir='ltr'>μὲν</span> <span class='ocrx_word' id='word_1_128' title='bbox 558 887 631 937; x_wconf 80' lang='grc' dir='ltr'>γὰρ</span> <span class='ocrx_word' id='word_1_129' title='bbox 658 885 812 924; x_wconf 83' lang='grc' dir='ltr'>Μειδίας</span> <span class='ocrx_word' id='word_1_130' title='bbox 842 885 1032 926; x_wconf 73' lang='grc' dir='ltr'>ἰδιωτικόν,</span> <span class='ocrx_word' id='word_1_131' title='bbox 1060 886 1079 922; x_wconf 83' lang='grc' dir='ltr'><strong>ὁ</strong></span> <span class='ocrx_word' id='word_1_132' title='bbox 1108 884 1145 921; x_wconf 83' lang='grc' dir='ltr'>δὲ</span> <span class='ocrx_word' id='word_1_133' title='bbox 1174 885 1295 934; x_wconf 85' lang='grc' dir='ltr'>ῥήτωρ</span> <span class='ocrx_word' id='word_1_134' title='bbox 1324 884 1504 933; x_wconf 82' lang='grc' dir='ltr'>δημόσιον</span> 
     </span>
     <span class='ocr_line' id='line_1_20' title="bbox 167 938 1503 991; baseline -0.001 -15"><span class='ocrx_word' id='word_1_135' title='bbox 167 939 257 976; x_wconf 74' lang='grc' dir='ltr'>εἶναι</span> <span class='ocrx_word' id='word_1_136' title='bbox 278 941 553 986; x_wconf 84' lang='grc' dir='ltr'>κατασκευάζει.</span> <span class='ocrx_word' id='word_1_137' title='bbox 612 939 695 989; x_wconf 82' lang='grc' dir='ltr'>ὅρος</span> <span class='ocrx_word' id='word_1_138' title='bbox 715 940 788 991; x_wconf 91' lang='grc' dir='ltr'>γάρ</span> <span class='ocrx_word' id='word_1_139' title='bbox 811 941 923 983; x_wconf 84' lang='grc' dir='ltr'>ἐστιν,</span> <span class='ocrx_word' id='word_1_140' title='bbox 946 938 987 976; x_wconf 70' lang='grc' dir='ltr'>οἷ’</span> <span class='ocrx_word' id='word_1_141' title='bbox 1008 939 1051 976; x_wconf 84' lang='grc' dir='ltr'>τὸ</span> <span class='ocrx_word' id='word_1_142' title='bbox 1075 940 1143 988; x_wconf 85' lang='grc' dir='ltr'>μὲν</span> <span class='ocrx_word' id='word_1_143' title='bbox 1162 939 1381 988; x_wconf 85' lang='grc' dir='ltr'>πέπρακται,</span> <span class='ocrx_word' id='word_1_144' title='bbox 1403 939 1445 976; x_wconf 80' lang='grc' dir='ltr'>τὸ</span> <span class='ocrx_word' id='word_1_145' title='bbox 1467 938 1503 975; x_wconf 86' lang='grc' dir='ltr'>δε</span> 
     </span>
     <span class='ocr_line' id='line_1_21' title="bbox 166 993 1504 1043; baseline 0.001 -14"><span class='ocrx_word' id='word_1_146' title='bbox 166 993 285 1030; x_wconf 83' lang='grc' dir='ltr'>λείπει</span> <span class='ocrx_word' id='word_1_147' title='bbox 314 994 404 1042; x_wconf 82' lang='grc' dir='ltr'>πρὸς</span> <span class='ocrx_word' id='word_1_148' title='bbox 434 994 668 1031; x_wconf 74' lang='grc' dir='ltr'>αὖτοτέλειαν</span> <span class='ocrx_word' id='word_1_149' title='bbox 701 996 766 1030; x_wconf 71' lang='grc' dir='ltr'>τοῦ</span> <span class='ocrx_word' id='word_1_150' title='bbox 802 994 983 1042; x_wconf 81' lang='grc' dir='ltr'>ὀνόματος</span> <span class='ocrx_word' id='word_1_151' title='bbox 1012 995 1077 1030; x_wconf 78' lang='grc' dir='ltr'>τοῦ</span> <span class='ocrx_word' id='word_1_152' title='bbox 1108 993 1420 1042; x_wconf 37' lang='grc' dir='ltr'>ἐπιτεθησομέιιόυ</span> <span class='ocrx_word' id='word_1_153' title='bbox 1453 994 1504 1043; x_wconf 67' lang='grc' dir='ltr'>τῷ</span> 
     </span>
     <span class='ocr_line' id='line_1_22' title="bbox 165 1047 1503 1098; baseline 0 -14"><span class='ocrx_word' id='word_1_154' title='bbox 165 1048 366 1098; x_wconf 79' lang='grc' dir='ltr'>πράγματι,</span> <span class='ocrx_word' id='word_1_155' title='bbox 389 1049 435 1087; x_wconf 85' lang='grc' dir='ltr'>ὡς</span> <span class='ocrx_word' id='word_1_156' title='bbox 460 1048 518 1085; x_wconf 83' lang='grc' dir='ltr'>ἐπὶ</span> <span class='ocrx_word' id='word_1_157' title='bbox 544 1050 609 1085; x_wconf 77' lang='grc' dir='ltr'>τοῦ</span> <span class='ocrx_word' id='word_1_158' title='bbox 636 1049 856 1095; x_wconf 79' lang='grc' dir='ltr'>κενοτάφιον</span> <span class='ocrx_word' id='word_1_159' title='bbox 877 1047 1074 1097; x_wconf 77' lang='grc' dir='ltr'>ὀρύξαντος</span> <span class='ocrx_word' id='word_1_160' title='bbox 1102 1048 1162 1084; x_wconf 84' lang='grc' dir='ltr'>καὶ</span> <span class='ocrx_word' id='word_1_161' title='bbox 1183 1048 1394 1096; x_wconf 82' lang='grc' dir='ltr'>κρινομένου</span> <span class='ocrx_word' id='word_1_162' title='bbox 1414 1063 1503 1096; x_wconf 87' lang='grc' dir='ltr'>τυμ-</span> 
     </span>
     <span class='ocr_line' id='line_1_23' title="bbox 164 1101 1501 1153; baseline 0 -15"><span class='ocrx_word' id='word_1_163' title='bbox 164 1101 364 1152; x_wconf 81' lang='grc' dir='ltr'>βωρυχιάς.</span> <span class='ocrx_word' id='word_1_164' title='bbox 425 1102 579 1139; x_wconf 69' lang='grc' dir='ltr'>ἐνταῦθα</span> <span class='ocrx_word' id='word_1_165' title='bbox 606 1104 678 1153; x_wconf 79' lang='grc' dir='ltr'>γὰρ</span> <span class='ocrx_word' id='word_1_166' title='bbox 705 1102 914 1151; x_wconf 85' lang='grc' dir='ltr'>πέπρακται</span> <span class='ocrx_word' id='word_1_167' title='bbox 940 1103 1008 1151; x_wconf 85' lang='grc' dir='ltr'>μὲν</span> <span class='ocrx_word' id='word_1_168' title='bbox 1031 1103 1074 1139; x_wconf 86' lang='grc' dir='ltr'>τὸ</span> <span class='ocrx_word' id='word_1_169' title='bbox 1102 1101 1239 1151; x_wconf 78' lang='grc' dir='ltr'>ὀρύξαι,</span> <span class='ocrx_word' id='word_1_170' title='bbox 1261 1102 1380 1138; x_wconf 82' lang='grc' dir='ltr'>λείπει</span> <span class='ocrx_word' id='word_1_171' title='bbox 1401 1101 1501 1138; x_wconf 78' lang='grc' dir='ltr'>δὲτὸ</span> 
     </span>
     <span class='ocr_line' id='line_1_24' title="bbox 165 1155 1501 1207; baseline 0 -14"><span class='ocrx_word' id='word_1_172' title='bbox 165 1156 286 1203; x_wconf 80' lang='grc' dir='ltr'>τάφον</span> <span class='ocrx_word' id='word_1_173' title='bbox 313 1155 449 1205; x_wconf 70' lang='grc' dir='ltr'>ὀρύξαι,</span> <span class='ocrx_word' id='word_1_174' title='bbox 476 1158 517 1193; x_wconf 77' lang='grc' dir='ltr'>οὗ</span> <span class='ocrx_word' id='word_1_175' title='bbox 545 1157 776 1204; x_wconf 87' lang='grc' dir='ltr'>κενοτάφιον.</span> <span class='ocrx_word' id='word_1_176' title='bbox 836 1157 939 1207; x_wconf 86' lang='grc' dir='ltr'>λέγει</span> <span class='ocrx_word' id='word_1_177' title='bbox 968 1157 1041 1207; x_wconf 83' lang='grc' dir='ltr'>γὰρ</span> <span class='ocrx_word' id='word_1_178' title='bbox 1068 1158 1087 1194; x_wconf 84' lang='grc' dir='ltr'><strong>ὁ</strong></span> <span class='ocrx_word' id='word_1_179' title='bbox 1117 1157 1265 1207; x_wconf 80' lang='grc' dir='ltr'>φεύγων</span> <span class='ocrx_word' id='word_1_180' title='bbox 1287 1158 1351 1193; x_wconf 68' lang='lat'><strong><em>⁴01²)</em></strong></span> <span class='ocrx_word' id='word_1_181' title='bbox 1379 1157 1501 1203; x_wconf 85' lang='grc' dir='ltr'>τάφον</span> 
     </span>
     <span class='ocr_line' id='line_1_25' title="bbox 165 1209 1502 1262; baseline 0.001 -16"><span class='ocrx_word' id='word_1_182' title='bbox 165 1210 294 1259; x_wconf 78' lang='grc' dir='ltr'>ὤρυξα·</span> <span class='ocrx_word' id='word_1_183' title='bbox 326 1212 368 1248; x_wconf 80' lang='grc' dir='ltr'>οῦ</span> <span class='ocrx_word' id='word_1_184' title='bbox 387 1212 460 1262; x_wconf 83' lang='grc' dir='ltr'>γὰρ</span> <span class='ocrx_word' id='word_1_185' title='bbox 487 1209 590 1260; x_wconf 62' lang='grc' dir='ltr'>εἷίρον</span> <span class='ocrx_word' id='word_1_186' title='bbox 618 1210 769 1260; x_wconf 76' lang='grc' dir='ltr'>νεκρόν.’</span> <span class='ocrx_word' id='word_1_187' title='bbox 828 1212 848 1248; x_wconf 83' lang='grc' dir='ltr'><strong>ὁ</strong></span> <span class='ocrx_word' id='word_1_188' title='bbox 875 1211 911 1248; x_wconf 83' lang='grc' dir='ltr'>δὲ</span> <span class='ocrx_word' id='word_1_189' title='bbox 933 1210 1070 1248; x_wconf 82' lang='grc' dir='ltr'>διώκων</span> <span class='ocrx_word' id='word_1_190' title='bbox 1091 1211 1277 1259; x_wconf 83' lang='grc' dir='ltr'>ἀντιφέρει</span> <span class='ocrx_word' id='word_1_191' title='bbox 1297 1210 1353 1247; x_wconf 85' lang='grc' dir='ltr'>ὅτι</span> <span class='ocrx_word' id='word_1_192' title='bbox 1380 1211 1444 1247; x_wconf 65' lang='lat' dir='ltr'>‘rb</span> <span class='ocrx_word' id='word_1_193' title='bbox 1471 1209 1502 1247; x_wconf 66' lang='grc' dir='ltr'>δ’</span> 
     </span>
     <span class='ocr_line' id='line_1_26' title="bbox 165 1263 1500 1316; baseline 0.001 -15"><span class='ocrx_word' id='word_1_194' title='bbox 165 1264 290 1313; x_wconf 78' lang='grc' dir='ltr'>ὀρύξαι</span> <span class='ocrx_word' id='word_1_195' title='bbox 320 1266 539 1313; x_wconf 86' lang='grc' dir='ltr'>κενοτάφιον</span> <span class='ocrx_word' id='word_1_196' title='bbox 567 1265 833 1314; x_wconf 82' lang='grc' dir='ltr'>τυμβωρυχίαν</span> <span class='ocrx_word' id='word_1_197' title='bbox 863 1266 973 1316; x_wconf 62' lang='grc' dir='ltr'>λέγω</span> <span class='ocrx_word' id='word_1_198' title='bbox 1011 1267 1053 1302; x_wconf 78' lang='grc' dir='ltr'>οὐ</span> <span class='ocrx_word' id='word_1_199' title='bbox 1082 1266 1155 1316; x_wconf 82' lang='grc' dir='ltr'>γὰρ</span> <span class='ocrx_word' id='word_1_200' title='bbox 1181 1266 1289 1304; x_wconf 67' lang='grc' dir='ltr'>αὐτὸς</span> <span class='ocrx_word' id='word_1_201' title='bbox 1318 1263 1415 1314; x_wconf 81' lang='grc' dir='ltr'>ᾕδεις</span> <span class='ocrx_word' id='word_1_202' title='bbox 1444 1264 1500 1302; x_wconf 84' lang='grc' dir='ltr'>ὅτι</span> 
     </span>
     <span class='ocr_line' id='line_1_27' title="bbox 165 1318 1500 1368; baseline 0 -12"><span class='ocrx_word' id='word_1_203' title='bbox 165 1319 383 1367; x_wconf 87' lang='grc' dir='ltr'>κενοτάφιόν</span> <span class='ocrx_word' id='word_1_204' title='bbox 413 1322 525 1363; x_wconf 78' lang='grc' dir='ltr'>ἐστιν,</span> <span class='ocrx_word' id='word_1_205' title='bbox 548 1318 634 1356; x_wconf 79' lang='grc' dir='ltr'>ἀλλ’</span> <span class='ocrx_word' id='word_1_206' title='bbox 662 1321 708 1358; x_wconf 86' lang='grc' dir='ltr'>ὡς</span> <span class='ocrx_word' id='word_1_207' title='bbox 738 1320 859 1367; x_wconf 84' lang='grc' dir='ltr'>τάφον</span> <span class='ocrx_word' id='word_1_208' title='bbox 892 1320 1062 1368; x_wconf 69' lang='grc' dir='ltr'>ὀρύττων,</span> <span class='ocrx_word' id='word_1_209' title='bbox 1090 1319 1167 1356; x_wconf 78' lang='grc' dir='ltr'>ἐπεὶ</span> <span class='ocrx_word' id='word_1_210' title='bbox 1197 1320 1415 1367; x_wconf 83' lang='grc' dir='ltr'>κενοτάφιον</span> <span class='ocrx_word' id='word_1_211' title='bbox 1444 1320 1500 1356; x_wconf 74' lang='grc' dir='ltr'>εὗ-</span> 
     </span>
     <span class='ocr_line' id='line_1_28' title="bbox 163 1373 1499 1423; baseline 0 -12"><span class='ocrx_word' id='word_1_212' title='bbox 163 1389 283 1422; x_wconf 89' lang='grc' dir='ltr'>ρηται,</span> <span class='ocrx_word' id='word_1_213' title='bbox 305 1373 417 1417; x_wconf 77' lang='grc' dir='ltr'>ἀξιοῖς</span> <span class='ocrx_word' id='word_1_214' title='bbox 445 1374 497 1423; x_wconf 83' lang='grc' dir='ltr'>μὴ</span> <span class='ocrx_word' id='word_1_215' title='bbox 525 1373 648 1411; x_wconf 73' lang='grc' dir='ltr'>δοῦναι</span> <span class='ocrx_word' id='word_1_216' title='bbox 676 1373 802 1422; x_wconf 53' lang='grc' dir='ltr'>δίκην]</span> <span class='ocrx_word' id='word_1_217' title='bbox 862 1375 955 1411; x_wconf 75' lang='grc' dir='ltr'>οὕτω</span> <span class='ocrx_word' id='word_1_218' title='bbox 983 1373 1168 1411; x_wconf 72' lang='grc' dir='ltr'>κάνταῦθα</span> <span class='ocrx_word' id='word_1_219' title='bbox 1197 1374 1404 1422; x_wconf 90' lang='grc' dir='ltr'>πέπρακται</span> <span class='ocrx_word' id='word_1_220' title='bbox 1431 1375 1499 1422; x_wconf 79' lang='grc' dir='ltr'>μὲν</span> 
     </span>
     <span class='ocr_line' id='line_1_29' title="bbox 162 1427 1499 1477; baseline 0 -13"><span class='ocrx_word' id='word_1_221' title='bbox 162 1428 206 1465; x_wconf 86' lang='grc' dir='ltr'>τὸ</span> <span class='ocrx_word' id='word_1_222' title='bbox 234 1428 347 1477; x_wconf 80' lang='grc' dir='ltr'>τύψαι</span> <span class='ocrx_word' id='word_1_223' title='bbox 375 1429 438 1466; x_wconf 83' lang='grc' dir='ltr'>τὸν</span> <span class='ocrx_word' id='word_1_224' title='bbox 469 1428 729 1477; x_wconf 85' lang='grc' dir='ltr'>Δημοσθένην,</span> <span class='ocrx_word' id='word_1_225' title='bbox 761 1428 882 1465; x_wconf 80' lang='grc' dir='ltr'>λείπει</span> <span class='ocrx_word' id='word_1_226' title='bbox 911 1427 950 1465; x_wconf 80' lang='grc' dir='ltr'>δὲ</span> <span class='ocrx_word' id='word_1_227' title='bbox 978 1428 1021 1465; x_wconf 85' lang='grc' dir='ltr'>τὸ</span> <span class='ocrx_word' id='word_1_228' title='bbox 1053 1429 1211 1465; x_wconf 88' lang='grc' dir='ltr'>καλέσαι</span> <span class='ocrx_word' id='word_1_229' title='bbox 1239 1428 1303 1465; x_wconf 85' lang='grc' dir='ltr'>τὸν</span> <span class='ocrx_word' id='word_1_230' title='bbox 1334 1429 1499 1477; x_wconf 72' lang='grc' dir='ltr'>αὐτοχει-</span> 
     </span>
     <span class='ocr_line' id='line_1_30' title="bbox 162 1481 1498 1534; baseline 0 -15"><span class='ocrx_word' id='word_1_231' title='bbox 162 1482 360 1530; x_wconf 88' lang='grc' dir='ltr'>ροτόνητον</span> <span class='ocrx_word' id='word_1_232' title='bbox 399 1483 573 1533; x_wconf 86' lang='grc' dir='ltr'>χορηγόν.</span> <span class='ocrx_word' id='word_1_233' title='bbox 647 1484 666 1520; x_wconf 84' lang='grc' dir='ltr'>ὁ</span> <span class='ocrx_word' id='word_1_234' title='bbox 700 1484 772 1534; x_wconf 77' lang='grc' dir='ltr'>γὰρ</span> <span class='ocrx_word' id='word_1_235' title='bbox 805 1481 1055 1531; x_wconf 81' lang='grc' dir='ltr'>Δημοσθένης</span> <span class='ocrx_word' id='word_1_236' title='bbox 1087 1483 1190 1533; x_wconf 85' lang='grc' dir='ltr'>λέγει</span> <span class='ocrx_word' id='word_1_237' title='bbox 1221 1481 1277 1519; x_wconf 82' lang='grc' dir='ltr'>ὅτι</span> <span class='ocrx_word' id='word_1_238' title='bbox 1311 1482 1498 1533; x_wconf 75' lang='grc' dir='ltr'>ίχορηγὸν</span> 
     </span>
     <span class='ocr_line' id='line_1_31' title="bbox 163 1536 1498 1588; baseline 0 -15"><span class='ocrx_word' id='word_1_239' title='bbox 163 1537 321 1586; x_wconf 74' lang='grc' dir='ltr'>ἔτυψας,’</span> <span class='ocrx_word' id='word_1_240' title='bbox 353 1538 373 1574; x_wconf 85' lang='grc' dir='ltr'>ὁ</span> <span class='ocrx_word' id='word_1_241' title='bbox 404 1537 443 1575; x_wconf 83' lang='grc' dir='ltr'>δὲ</span> <span class='ocrx_word' id='word_1_242' title='bbox 475 1537 628 1576; x_wconf 82' lang='grc' dir='ltr'>Μειδίας</span> <span class='ocrx_word' id='word_1_243' title='bbox 660 1537 716 1574; x_wconf 83' lang='grc' dir='ltr'>ὅτι</span> <span class='ocrx_word' id='word_1_244' title='bbox 749 1537 936 1588; x_wconf 65' lang='grc' dir='ltr'>“χορηγὸν</span> <span class='ocrx_word' id='word_1_245' title='bbox 968 1538 1094 1576; x_wconf 81' lang='grc' dir='ltr'>ἁπλῶς</span> <span class='ocrx_word' id='word_1_246' title='bbox 1125 1539 1190 1573; x_wconf 76' lang='grc' dir='ltr'>οὐκ</span> <span class='ocrx_word' id='word_1_247' title='bbox 1224 1538 1340 1586; x_wconf 81' lang='grc' dir='ltr'>ἔτυψα</span> <span class='ocrx_word' id='word_1_248' title='bbox 1375 1536 1498 1586; x_wconf 73' lang='grc' dir='ltr'>(αὐτο-</span> 
     </span>
     <span class='ocr_line' id='line_1_32' title="bbox 161 1590 1497 1643; baseline 0.001 -16"><span class='ocrx_word' id='word_1_249' title='bbox 161 1591 418 1640; x_wconf 88' lang='grc' dir='ltr'>χειροτόνητος</span> <span class='ocrx_word' id='word_1_250' title='bbox 441 1593 514 1643; x_wconf 80' lang='grc' dir='ltr'>γὰρ</span> <span class='ocrx_word' id='word_1_251' title='bbox 540 1591 670 1640; x_wconf 78' lang='grc' dir='ltr'>ἦσθα),</span> <span class='ocrx_word' id='word_1_252' title='bbox 693 1592 795 1628; x_wconf 77' lang='grc' dir='ltr'>ἀλλὰ</span> <span class='ocrx_word' id='word_1_253' title='bbox 816 1590 1067 1640; x_wconf 86' lang='grc' dir='ltr'>Δημοσθένην</span> <span class='ocrx_word' id='word_1_254' title='bbox 1089 1590 1232 1639; x_wconf 79' lang='grc' dir='ltr'>ἰδιώτην</span> <span class='ocrx_word' id='word_1_255' title='bbox 1259 1591 1357 1628; x_wconf 82' lang='grc' dir='ltr'>ὄντα·</span> <span class='ocrx_word' id='word_1_256' title='bbox 1388 1591 1432 1628; x_wconf 83' lang='grc' dir='ltr'>τὸ</span> <span class='ocrx_word' id='word_1_257' title='bbox 1459 1590 1497 1628; x_wconf 82' lang='grc' dir='ltr'>δὲ</span> 
     </span>
     <span class='ocr_line' id='line_1_33' title="bbox 161 1644 1496 1695; baseline 0.001 -13"><span class='ocrx_word' id='word_1_258' title='bbox 161 1646 273 1694; x_wconf 84' lang='grc' dir='ltr'>τύψαι</span> <span class='ocrx_word' id='word_1_259' title='bbox 301 1645 444 1694; x_wconf 77' lang='grc' dir='ltr'>ἰδιώτην</span> <span class='ocrx_word' id='word_1_260' title='bbox 471 1648 535 1683; x_wconf 79' lang='grc' dir='ltr'>οὐκ</span> <span class='ocrx_word' id='word_1_261' title='bbox 563 1647 644 1683; x_wconf 78' lang='grc' dir='ltr'>ἔστι</span> <span class='ocrx_word' id='word_1_262' title='bbox 673 1645 855 1695; x_wconf 84' lang='grc' dir='ltr'>δημόσιον</span> <span class='ocrx_word' id='word_1_263' title='bbox 880 1645 1064 1694; x_wconf 79' lang='grc' dir='ltr'>ἀδίκημα.’</span> <span class='ocrx_word' id='word_1_264' title='bbox 1121 1645 1273 1684; x_wconf 74' lang='grc' dir='ltr'>διπλοῦς</span> <span class='ocrx_word' id='word_1_265' title='bbox 1299 1644 1337 1682; x_wconf 83' lang='grc' dir='ltr'>δὲ</span> <span class='ocrx_word' id='word_1_266' title='bbox 1363 1646 1383 1682; x_wconf 80' lang='grc' dir='ltr'><em>ὃ</em></span> <span class='ocrx_word' id='word_1_267' title='bbox 1413 1645 1496 1694; x_wconf 84' lang='grc' dir='ltr'>ὅρος</span> 
     </span>
     <span class='ocr_line' id='line_1_34' title="bbox 163 1699 1495 1749; baseline 0.001 -13"><span class='ocrx_word' id='word_1_268' title='bbox 163 1699 276 1738; x_wconf 78' lang='grc' dir='ltr'>εἴδους</span> <span class='ocrx_word' id='word_1_269' title='bbox 307 1702 371 1737; x_wconf 77' lang='grc' dir='ltr'>τοῦ</span> <span class='ocrx_word' id='word_1_270' title='bbox 403 1702 495 1738; x_wconf 79' lang='grc' dir='ltr'>κατὰ</span> <span class='ocrx_word' id='word_1_271' title='bbox 529 1702 734 1749; x_wconf 79' lang='grc' dir='ltr'>σύλληψιν.</span> <span class='ocrx_word' id='word_1_272' title='bbox 794 1701 886 1737; x_wconf 82' lang='grc' dir='ltr'>κατὰ</span> <span class='ocrx_word' id='word_1_273' title='bbox 918 1701 1111 1749; x_wconf 77' lang='grc' dir='ltr'>σύλληψιν</span> <span class='ocrx_word' id='word_1_274' title='bbox 1142 1699 1182 1737; x_wconf 86' lang='grc' dir='ltr'>δέ</span> <span class='ocrx_word' id='word_1_275' title='bbox 1213 1702 1325 1743; x_wconf 87' lang='grc' dir='ltr'>ἐστιν,</span> <span class='ocrx_word' id='word_1_276' title='bbox 1357 1700 1444 1737; x_wconf 85' lang='grc' dir='ltr'>ὅταν</span> <span class='ocrx_word' id='word_1_277' title='bbox 1475 1701 1495 1737; x_wconf 83' lang='grc' dir='ltr'><em>ὃ</em></span> 
     </span>
     <span class='ocr_line' id='line_1_35' title="bbox 162 1753 1496 1805; baseline 0.001 -16"><span class='ocrx_word' id='word_1_278' title='bbox 162 1754 365 1804; x_wconf 84' lang='grc' dir='ltr'>κατήγορος</span> <span class='ocrx_word' id='word_1_279' title='bbox 384 1754 450 1802; x_wconf 80' lang='grc' dir='ltr'>τὴν</span> <span class='ocrx_word' id='word_1_280' title='bbox 474 1755 585 1792; x_wconf 79' lang='grc' dir='ltr'>αὑτοῦ</span> <span class='ocrx_word' id='word_1_281' title='bbox 611 1754 862 1805; x_wconf 81' lang='grc' dir='ltr'>δικαιολογίαν</span> <span class='ocrx_word' id='word_1_282' title='bbox 891 1754 949 1791; x_wconf 80' lang='grc' dir='ltr'>καὶ</span> <span class='ocrx_word' id='word_1_283' title='bbox 976 1754 1042 1802; x_wconf 84' lang='grc' dir='ltr'>τὴν</span> <span class='ocrx_word' id='word_1_284' title='bbox 1068 1756 1133 1791; x_wconf 73' lang='grc' dir='ltr'>τοῦ</span> <span class='ocrx_word' id='word_1_285' title='bbox 1160 1755 1362 1804; x_wconf 85' lang='grc' dir='ltr'>φεύγοντος</span> <span class='ocrx_word' id='word_1_286' title='bbox 1390 1756 1438 1792; x_wconf 87' lang='grc' dir='ltr'>εἷς</span> <span class='ocrx_word' id='word_1_287' title='bbox 1459 1753 1496 1791; x_wconf 72' lang='grc' dir='ltr'>ἓν</span> 
     </span>
    </p>
   </div>
   <div class='ocr_carea' id='block_1_8' title="bbox 107 1807 1496 1860">
    <p class='ocr_par' dir='ltr' id='par_1_8' title="bbox 107 1807 1496 1860">
     <span class='ocr_line' id='line_1_36' title="bbox 247 1807 1496 1822; baseline 0.002 -2"><span class='ocrx_word' id='word_1_288' title='bbox 247 1809 255 1820; x_wconf 86' lang='grc' dir='ltr'><em>Ι</em></span> <span class='ocrx_word' id='word_1_289' title='bbox 354 1809 367 1821; x_wconf 71' lang='lat'>³!</span> <span class='ocrx_word' id='word_1_290' title='bbox 491 1810 501 1821; x_wconf 64' lang='grc' dir='ltr'><strong>Χ</strong></span> <span class='ocrx_word' id='word_1_291' title='bbox 587 1810 596 1822; x_wconf 67' lang='lat'>2</span> <span class='ocrx_word' id='word_1_292' title='bbox 656 1809 665 1820; x_wconf 55' lang='grc' dir='ltr'><strong>Ν</strong></span> <span class='ocrx_word' id='word_1_293' title='bbox 731 1811 739 1821; x_wconf 59' lang='lat' dir='ltr'>N</span> <span class='ocrx_word' id='word_1_294' title='bbox 797 1812 805 1822; x_wconf 71' lang='lat'>5</span> <span class='ocrx_word' id='word_1_295' title='bbox 876 1809 884 1821; x_wconf 76' lang='grc' dir='ltr'><em>Ι</em></span> <span class='ocrx_word' id='word_1_296' title='bbox 1117 1809 1126 1820; x_wconf 61' lang='grc' dir='ltr'><strong>Χ</strong></span> <span class='ocrx_word' id='word_1_297' title='bbox 1185 1810 1194 1821; x_wconf 54' lang='lat' dir='ltr'>X</span> <span class='ocrx_word' id='word_1_298' title='bbox 1259 1809 1266 1820; x_wconf 69' lang='lat' dir='ltr'><em>V</em></span> <span class='ocrx_word' id='word_1_299' title='bbox 1418 1811 1427 1822; x_wconf 70' lang='lat'>2</span> <span class='ocrx_word' id='word_1_300' title='bbox 1488 1807 1496 1817; x_wconf 61' lang='lat'>³</span> 
     </span>
     <span class='ocr_line' id='line_1_37' title="bbox 107 1808 1485 1860; baseline -0.001 -15"><span class='ocrx_word' id='word_1_301' title='bbox 107 1822 116 1832; x_wconf 59' lang='lat'>²</span> <span class='ocrx_word' id='word_1_302' title='bbox 162 1825 317 1858; x_wconf 87' lang='grc' dir='ltr'>συναγῃ·</span> <span class='ocrx_word' id='word_1_303' title='bbox 350 1808 437 1846; x_wconf 86' lang='grc' dir='ltr'>ενθα</span> <span class='ocrx_word' id='word_1_304' title='bbox 460 1825 533 1860; x_wconf 90' lang='grc' dir='ltr'>γαρ</span> <span class='ocrx_word' id='word_1_305' title='bbox 558 1825 600 1846; x_wconf 90' lang='grc' dir='ltr'>ου</span> <span class='ocrx_word' id='word_1_306' title='bbox 627 1825 670 1846; x_wconf 93' lang='grc' dir='ltr'>το</span> <span class='ocrx_word' id='word_1_307' title='bbox 697 1826 764 1858; x_wconf 89' lang='grc' dir='ltr'>μεν</span> <span class='ocrx_word' id='word_1_308' title='bbox 790 1809 973 1857; x_wconf 84' lang='grc' dir='ltr'>εκβαλλει</span> <span class='ocrx_word' id='word_1_309' title='bbox 996 1825 1061 1851; x_wconf 87' lang='grc' dir='ltr'>τις,</span> <span class='ocrx_word' id='word_1_310' title='bbox 1089 1826 1131 1846; x_wconf 90' lang='grc' dir='ltr'>το</span> <span class='ocrx_word' id='word_1_311' title='bbox 1159 1808 1197 1845; x_wconf 82' lang='grc' dir='ltr'>δε</span> <span class='ocrx_word' id='word_1_312' title='bbox 1227 1808 1382 1858; x_wconf 83' lang='grc' dir='ltr'>δεχεται,</span> <span class='ocrx_word' id='word_1_313' title='bbox 1409 1810 1485 1845; x_wconf 86' lang='grc' dir='ltr'>αλλ</span> 
     </span>
    </p>
   </div>
   <div class='ocr_carea' id='block_1_9' title="bbox 160 1862 1492 2183">
    <p class='ocr_par' dir='ltr' id='par_1_9' title="bbox 160 1862 1492 2183">
     <span class='ocr_line' id='line_1_38' title="bbox 162 1862 1492 1914; baseline 0.001 -16"><span class='ocrx_word' id='word_1_314' title='bbox 162 1863 356 1911; x_wconf 79' lang='grc' dir='ltr'>ἀμφότερα</span> <span class='ocrx_word' id='word_1_315' title='bbox 377 1865 575 1914; x_wconf 80' lang='grc' dir='ltr'>συγκροτεῖ</span> <span class='ocrx_word' id='word_1_316' title='bbox 594 1863 654 1900; x_wconf 82' lang='grc' dir='ltr'>καὶ</span> <span class='ocrx_word' id='word_1_317' title='bbox 674 1864 952 1912; x_wconf 80' lang='grc' dir='ltr'>συλλαμβάνει,</span> <span class='ocrx_word' id='word_1_318' title='bbox 974 1864 1090 1913; x_wconf 77' lang='grc' dir='ltr'>τούτῳ</span> <span class='ocrx_word' id='word_1_319' title='bbox 1114 1863 1306 1914; x_wconf 75' lang='grc' dir='ltr'>ὑπάγομεν</span> <span class='ocrx_word' id='word_1_320' title='bbox 1324 1864 1376 1913; x_wconf 65' lang='grc' dir='ltr'>τῷ</span> <span class='ocrx_word' id='word_1_321' title='bbox 1396 1862 1492 1899; x_wconf 81' lang='grc' dir='ltr'>εἴδει.</span> 
     </span>
     <span class='ocr_line' id='line_1_39' title="bbox 161 1916 1491 1966; baseline 0.001 -13"><span class='ocrx_word' id='word_1_322' title='bbox 161 1916 332 1963; x_wconf 83' lang='grc' dir='ltr'>φαίνεται</span> <span class='ocrx_word' id='word_1_323' title='bbox 357 1917 479 1954; x_wconf 84' lang='grc' dir='ltr'>τοίνυν</span> <span class='ocrx_word' id='word_1_324' title='bbox 505 1920 542 1954; x_wconf 88' lang='grc' dir='ltr'>ἐν</span> <span class='ocrx_word' id='word_1_325' title='bbox 568 1919 725 1956; x_wconf 79' lang='grc' dir='ltr'>πολλοῖς</span> <span class='ocrx_word' id='word_1_326' title='bbox 750 1918 901 1966; x_wconf 84' lang='grc' dir='ltr'>μέρεσιν</span> <span class='ocrx_word' id='word_1_327' title='bbox 923 1919 942 1954; x_wconf 84' lang='grc' dir='ltr'>ὁ</span> <span class='ocrx_word' id='word_1_328' title='bbox 971 1917 1219 1966; x_wconf 85' lang='grc' dir='ltr'>Δημοσθένης</span> <span class='ocrx_word' id='word_1_329' title='bbox 1238 1919 1347 1954; x_wconf 75' lang='grc' dir='ltr'>τοῦτο</span> <span class='ocrx_word' id='word_1_330' title='bbox 1367 1920 1491 1960; x_wconf 76' lang='grc' dir='ltr'>ποιῶν,</span> 
     </span>
     <span class='ocr_line' id='line_1_40' title="bbox 162 1970 1490 2021; baseline 0.002 -15"><span class='ocrx_word' id='word_1_331' title='bbox 162 1970 221 2007; x_wconf 80' lang='grc' dir='ltr'>καὶ</span> <span class='ocrx_word' id='word_1_332' title='bbox 256 1971 413 2018; x_wconf 86' lang='grc' dir='ltr'>φάσκων</span> <span class='ocrx_word' id='word_1_333' title='bbox 447 1972 523 2019; x_wconf 78' lang='grc' dir='ltr'>ἅμα</span> <span class='ocrx_word' id='word_1_334' title='bbox 560 1972 612 2021; x_wconf 69' lang='grc' dir='ltr'>τῷ</span> <span class='ocrx_word' id='word_1_335' title='bbox 645 1971 880 2020; x_wconf 86' lang='grc' dir='ltr'>Δημοσθένει</span> <span class='ocrx_word' id='word_1_336' title='bbox 916 1972 976 2008; x_wconf 77' lang='grc' dir='ltr'>καὶ</span> <span class='ocrx_word' id='word_1_337' title='bbox 1010 1971 1076 2019; x_wconf 84' lang='grc' dir='ltr'>τὴν</span> <span class='ocrx_word' id='word_1_338' title='bbox 1113 1971 1224 2009; x_wconf 86' lang='grc' dir='ltr'>πόλιν</span> <span class='ocrx_word' id='word_1_339' title='bbox 1257 1971 1490 2020; x_wconf 71' lang='grc' dir='ltr'>ὑβρίζεσθαι.</span> 
     </span>
     <span class='ocr_line' id='line_1_41' title="bbox 162 2025 1492 2075; baseline 0.002 -15"><span class='ocrx_word' id='word_1_340' title='bbox 162 2025 349 2071; x_wconf 87' lang='grc' dir='ltr'>κεφάλαια</span> <span class='ocrx_word' id='word_1_341' title='bbox 376 2025 414 2062; x_wconf 82' lang='grc' dir='ltr'>δὲ</span> <span class='ocrx_word' id='word_1_342' title='bbox 437 2042 483 2062; x_wconf 89' lang='grc' dir='ltr'>τα</span> <span class='ocrx_word' id='word_1_343' title='bbox 509 2026 556 2074; x_wconf 84' lang='grc' dir='ltr'>τῇ</span> <span class='ocrx_word' id='word_1_344' title='bbox 584 2026 719 2062; x_wconf 87' lang='grc' dir='ltr'>στάσει</span> <span class='ocrx_word' id='word_1_345' title='bbox 738 2026 987 2074; x_wconf 87' lang='grc' dir='ltr'>προσήκοντα.</span> <span class='ocrx_word' id='word_1_346' title='bbox 1047 2043 1093 2063; x_wconf 92' lang='grc' dir='ltr'>τα</span> <span class='ocrx_word' id='word_1_347' title='bbox 1117 2026 1156 2063; x_wconf 84' lang='grc' dir='ltr'>δὲ</span> <span class='ocrx_word' id='word_1_348' title='bbox 1181 2042 1357 2075; x_wconf 88' lang='grc' dir='ltr'>προοιμια</span> <span class='ocrx_word' id='word_1_349' title='bbox 1384 2042 1492 2062; x_wconf 87' lang='grc' dir='ltr'>κατα-</span> 
     </span>
     <span class='ocr_line' id='line_1_42' title="bbox 162 2078 1489 2152; baseline 0 -37"><span class='ocrx_word' id='word_1_350' title='bbox 162 2080 310 2127; x_wconf 88' lang='grc' dir='ltr'>φορικά,</span> <span class='ocrx_word' id='word_1_351' title='bbox 315 2079 582 2152; x_wconf 77' lang='grc' dir='ltr'>ὑπερβολὴν”</span> <span class='ocrx_word' id='word_1_352' title='bbox 565 2096 698 2129; x_wconf 82' lang='grc' dir='ltr'>εχοντα</span> <span class='ocrx_word' id='word_1_353' title='bbox 712 2079 860 2127; x_wconf 82' lang='grc' dir='ltr'>πολλὴν</span> <span class='ocrx_word' id='word_1_354' title='bbox 877 2080 936 2116; x_wconf 86' lang='grc' dir='ltr'>καὶ</span> <span class='ocrx_word' id='word_1_355' title='bbox 951 2083 1022 2117; x_wconf 77' lang='grc' dir='ltr'>τῶν</span> <span class='ocrx_word' id='word_1_356' title='bbox 1038 2083 1306 2129; x_wconf 80' lang='grc' dir='ltr'>περιστατικῶν</span> <span class='ocrx_word' id='word_1_357' title='bbox 1323 2078 1489 2126; x_wconf 74' lang='grc' dir='ltr'>αὔξησιν·</span> 
     </span>
     <span class='ocr_line' id='line_1_43' title="bbox 160 2132 1491 2183; baseline 0.002 -14"><span class='ocrx_word' id='word_1_358' title='bbox 160 2132 204 2169; x_wconf 88' lang='grc' dir='ltr'>τὸ</span> <span class='ocrx_word' id='word_1_359' title='bbox 223 2134 294 2183; x_wconf 79' lang='grc' dir='ltr'>γὰρ</span> <span class='ocrx_word' id='word_1_360' title='bbox 315 2134 430 2182; x_wconf 74' lang='grc' dir='ltr'>ιπρὸς</span> <span class='ocrx_word' id='word_1_361' title='bbox 450 2133 633 2172; x_wconf 74' lang='grc' dir='ltr'>ἅπαντας’</span> <span class='ocrx_word' id='word_1_362' title='bbox 657 2133 716 2170; x_wconf 87' lang='grc' dir='ltr'>καὶ</span> <span class='ocrx_word' id='word_1_363' title='bbox 742 2135 784 2171; x_wconf 79' lang='grc' dir='ltr'>οὗ</span> <span class='ocrx_word' id='word_1_364' title='bbox 808 2134 899 2183; x_wconf 82' lang='grc' dir='ltr'>πρὸς</span> <span class='ocrx_word' id='word_1_365' title='bbox 924 2136 986 2183; x_wconf 85' lang='grc' dir='ltr'>ἐμὲ</span> <span class='ocrx_word' id='word_1_366' title='bbox 1006 2134 1131 2183; x_wconf 84' lang='grc' dir='ltr'>μόνον,</span> <span class='ocrx_word' id='word_1_367' title='bbox 1155 2134 1214 2171; x_wconf 86' lang='grc' dir='ltr'>καὶ</span> <span class='ocrx_word' id='word_1_368' title='bbox 1240 2134 1313 2172; x_wconf 67' lang='grc' dir='ltr'>τὸι</span> <span class='ocrx_word' id='word_1_369' title='bbox 1328 2133 1405 2170; x_wconf 81' lang='grc' dir='ltr'>ἀεί’</span> <span class='ocrx_word' id='word_1_370' title='bbox 1425 2133 1491 2182; x_wconf 82' lang='grc' dir='ltr'>τὴν</span> 
     </span>
    </p>
   </div>
   <div class='ocr_carea' id='block_1_10' title="bbox 162 2234 1490 2364">
    <p class='ocr_par' dir='ltr' id='par_1_10' title="bbox 162 2234 1490 2364">
     <span class='ocr_line' id='line_1_44' title="bbox 209 2234 1489 2277; baseline 0 -11"><span class='ocrx_word' id='word_1_371' title='bbox 209 2245 247 2265; x_wconf 91' lang='lat'>10</span> <span class='ocrx_word' id='word_1_372' title='bbox 278 2234 361 2276; x_wconf 80' lang='grc' dir='ltr'>τόνῳ</span> <span class='ocrx_word' id='word_1_373' title='bbox 386 2234 611 2274; x_wconf 78' lang='lat' dir='ltr'>Bernhardy:</span> <span class='ocrx_word' id='word_1_374' title='bbox 642 2234 731 2276; x_wconf 81' lang='grc' dir='ltr'>τόπῳ</span> <span class='ocrx_word' id='word_1_375' title='bbox 756 2236 853 2266; x_wconf 87' lang='lat' dir='ltr'>codd.</span> <span class='ocrx_word' id='word_1_376' title='bbox 1032 2246 1066 2265; x_wconf 92' lang='lat'>11</span> <span class='ocrx_word' id='word_1_377' title='bbox 1101 2235 1275 2277; x_wconf 83' lang='grc' dir='ltr'>προπέτεια</span> <span class='ocrx_word' id='word_1_378' title='bbox 1300 2260 1306 2266; x_wconf 93' lang='grc'><strong>.</strong></span> <span class='ocrx_word' id='word_1_379' title='bbox 1331 2258 1339 2266; x_wconf 83' lang='grc'><strong>.</strong></span> <span class='ocrx_word' id='word_1_380' title='bbox 1367 2259 1374 2266; x_wconf 92' lang='grc'><strong>.</strong></span> <span class='ocrx_word' id='word_1_381' title='bbox 1402 2234 1489 2266; x_wconf 88' lang='grc' dir='ltr'>ποιό-</span> 
     </span>
     <span class='ocr_line' id='line_1_45' title="bbox 162 2278 1489 2321; baseline 0.001 -12"><span class='ocrx_word' id='word_1_382' title='bbox 162 2291 220 2316; x_wconf 84' lang='grc' dir='ltr'>της</span> <span class='ocrx_word' id='word_1_383' title='bbox 250 2278 403 2309; x_wconf 82' lang='lat' dir='ltr'>Bekker:</span> <span class='ocrx_word' id='word_1_384' title='bbox 437 2279 568 2316; x_wconf 80' lang='grc' dir='ltr'>ποιότης</span> <span class='ocrx_word' id='word_1_385' title='bbox 598 2302 605 2310; x_wconf 89' lang='grc'><strong>.</strong></span> <span class='ocrx_word' id='word_1_386' title='bbox 632 2302 639 2309; x_wconf 93' lang='grc'><strong>.</strong></span> <span class='ocrx_word' id='word_1_387' title='bbox 671 2303 676 2309; x_wconf 94' lang='grc'><em>.</em></span> <span class='ocrx_word' id='word_1_388' title='bbox 706 2279 880 2321; x_wconf 81' lang='grc' dir='ltr'>προπέτεια</span> <span class='ocrx_word' id='word_1_389' title='bbox 911 2279 1006 2310; x_wconf 92' lang='lat' dir='ltr'>codd.</span> <span class='ocrx_word' id='word_1_390' title='bbox 1192 2289 1231 2317; x_wconf 89' lang='lat'>19</span> <span class='ocrx_word' id='word_1_391' title='bbox 1262 2280 1300 2310; x_wconf 79' lang='grc' dir='ltr'>τὸ</span> <span class='ocrx_word' id='word_1_392' title='bbox 1332 2279 1359 2310; x_wconf 86' lang='grc' dir='ltr'>δ’</span> <span class='ocrx_word' id='word_1_393' title='bbox 1385 2278 1489 2319; x_wconf 83' lang='grc' dir='ltr'>ὀρύξαι</span> 
     </span>
     <span class='ocr_line' id='line_1_46' title="bbox 163 2321 1490 2364; baseline 0.002 -13"><span class='ocrx_word' id='word_1_394' title='bbox 163 2322 326 2351; x_wconf 84' lang='lat' dir='ltr'>Schaeser</span> <span class='ocrx_word' id='word_1_395' title='bbox 341 2333 347 2351; x_wconf 88' lang='lat'>:</span> <span class='ocrx_word' id='word_1_396' title='bbox 372 2323 411 2353; x_wconf 79' lang='grc' dir='ltr'>τὸ</span> <span class='ocrx_word' id='word_1_397' title='bbox 428 2322 563 2364; x_wconf 80' lang='grc' dir='ltr'>διορύξαι</span> <span class='ocrx_word' id='word_1_398' title='bbox 582 2322 678 2352; x_wconf 89' lang='lat' dir='ltr'>codd.</span> <span class='ocrx_word' id='word_1_399' title='bbox 861 2323 905 2361; x_wconf 87' lang='lat'>36</span> <span class='ocrx_word' id='word_1_400' title='bbox 928 2324 1004 2364; x_wconf 78' lang='grc' dir='ltr'>πρὸς</span> <span class='ocrx_word' id='word_1_401' title='bbox 1022 2322 1163 2354; x_wconf 78' lang='grc' dir='ltr'>ἅπαντας</span> <span class='ocrx_word' id='word_1_402' title='bbox 1181 2321 1335 2352; x_wconf 80' lang='lat' dir='ltr'><strong>Iurinus:</strong></span> <span class='ocrx_word' id='word_1_403' title='bbox 1362 2324 1397 2354; x_wconf 88' lang='grc' dir='ltr'>οὐ</span> <span class='ocrx_word' id='word_1_404' title='bbox 1414 2323 1490 2363; x_wconf 77' lang='grc' dir='ltr'>πρὸς</span> 
     </span>
    </p>
   </div>
   <div class='ocr_carea' id='block_1_11' title="bbox 161 2365 420 2397">
    <p class='ocr_par' dir='ltr' id='par_1_11' title="bbox 161 2365 420 2397">
     <span class='ocr_line' id='line_1_47' title="bbox 161 2365 420 2397; baseline -0.008 -1"><span class='ocrx_word' id='word_1_405' title='bbox 161 2365 304 2397; x_wconf 79' lang='grc' dir='ltr'>ἅπαντας</span> <span class='ocrx_word' id='word_1_406' title='bbox 321 2365 420 2396; x_wconf 85' lang='lat' dir='ltr'>codd.</span> 
     </span>
    </p>
   </div>
   <div class='ocr_carea' id='block_1_12' title="bbox 1538 133 1630 186">
    <p class='ocr_par' dir='ltr' id='par_1_12' title="bbox 1538 133 1630 186">
     <span class='ocr_line' id='line_1_48' title="bbox 1538 133 1630 186; baseline 0 -1"><span class='ocrx_word' id='word_1_407' title='bbox 1538 133 1630 186; x_wconf 70' lang='lat'>{511}</span> 
     </span>
    </p>
   </div>
   <div class='ocr_carea' id='block_1_13' title="bbox 1535 673 1557 707">
    <p class='ocr_par' dir='ltr' id='par_1_13' title="bbox 1535 673 1557 707">
     <span class='ocr_line' id='line_1_49' title="bbox 1535 673 1557 707; baseline 0 0"><span class='ocrx_word' id='word_1_408' title='bbox 1535 673 1557 707; x_wconf 87' lang='grc'>6</span> 
     </span>
    </p>
   </div>
   <div class='ocr_carea' id='block_1_14' title="bbox 1493 928 1635 983">
    <p class='ocr_par' dir='ltr' id='par_1_14' title="bbox 1493 928 1635 983">
     <span class='ocr_line' id='line_1_50' title="bbox 1493 928 1635 983; baseline 0.014 -2"><span class='ocrx_word' id='word_1_409' title='bbox 1493 941 1499 949; x_wconf 68' lang='grc'><em>“</em></span> <span class='ocrx_word' id='word_1_410' title='bbox 1535 928 1635 983; x_wconf 58' lang='grc' dir='ltr'>[512Ῑ.</span> 
     </span>
    </p>
   </div>
   <div class='ocr_carea' id='block_1_15' title="bbox 1533 1061 1550 1091">
    <p class='ocr_par' dir='ltr' id='par_1_15' title="bbox 1533 1061 1550 1091">
     <span class='ocr_line' id='line_1_51' title="bbox 1533 1061 1550 1091; textangle 90"><span class='ocrx_word' id='word_1_411' title='bbox 1533 1061 1550 1091; x_wconf 50' lang='lat' dir='ltr'>xl</span> 
     </span>
    </p>
   </div>
  </div>
 </body>
</html>
