1737 2734
142 145 262 200 xx111]
455 147 586 187 KAT’
630 148 1148 187 ΑΡΙΣΤΟΚΡΑΤΟΎΣ

139 255 348 308 ψήφισμα,
368 253 417 294 ἂν
436 254 510 305 ἄρα
530 258 668 310 συμβῇ
686 270 722 293 τι
742 256 883 294 παθεῖν
903 254 1051 307 ἐκείνῳ,
1076 253 1178 292 εἰσὶν
1197 253 1236 292 αἱ
1262 253 1360 291 κατὰ
1380 252 1470 292 τοὺς

139 323 282 373 νόμους
313 322 412 373 ὑπὲρ
444 321 561 361 αὐτοῦ
592 321 786 372 τιμωρίαν
825 322 922 360 ε’ὣσι
955 319 1008 365 δέ,
1041 318 1090 359 ἂν
1123 318 1181 370 ἄρ’
1212 320 1362 360 ἐκεῖνος
1397 319 1470 367 ζῶν

139 390 253 446 ἀδικῇ
284 405 384 433 τινα,
417 386 606 444 ἀνῄρηται
636 391 718 429 τοῖς
748 385 1019 438 ὑβριζομένοις
1052 386 1074 436 ἡ
1102 388 1201 437 μετὰ
1230 389 1309 426 τῶν
1339 386 1470 436 νόμων

138 456 237 505 δίκη.
309 455 411 495 ὥστε
450 455 633 510 πανταχῇ
673 454 736 494 καὶ
779 454 958 494 ἐναντίον
1000 453 1087 493 ἐστὶ
1129 456 1210 494 τοῖς
1255 452 1388 503 νόμοις
1426 451 1470 491 τὸ

99 540 116 572 5
137 521 334 575 ψήφισμα
360 522 421 561 καὶ
445 525 566 561 λῦσαι
593 520 799 572 συμφέρει.

204 588 310 641 Λέγε
334 589 402 628 τὸν
426 589 523 639 μετὰ
547 592 669 628 ταῦτα
694 588 828 638 νόμον.

725 732 882 761 ΝΟΜΟΣ.

194 808 270 846 Καὶ
309 809 371 845 ἐὰν
409 808 570 857 φέροντα
608 806 632 856 ἦ
666 808 804 859 ἄγοντα
838 808 907 857 βίᾳ
942 806 1071 846 ἀδίκως
1107 805 1210 846 εὐθὺς
1244 804 1472 855 ἀμυνόμενος

139 863 271 913 κτείνῃ,
293 862 456 911 νηποινεὶ
475 861 656 900 τεθνάναι.

83 1012 119 1033 ιο
202 990 337 1030 ”Ama
374 989 480 1030 ταῦτ’
520 989 584 1041 ἐφ’
623 988 682 1031 οἷς
721 987 854 1039 ἔξεστι
897 991 1056 1028 κτεῖναι.
1130 989 1222 1028 (ἐὰν
1261 987 1410 1040 ἄγοντα
1448 983 1471 1037 ἢ

141 1056 315 1110 φέροντα
362 1058 435 1111 βίᾳ
481 1057 624 1097 ἀδίκως
667 1055 778 1097 εὐθὺς
821 1055 1063 1106 ἀμυνόμενος
1106 1055 1249 1111 κτείνῃ,
1294 1054 1472 1105 νηποινεὶ

139 1123 348 1165 τεθνάναι’
387 1123 552 1163 κελεύει.
623 1122 827 1162 θεάσασθε
863 1125 959 1173 πρὸς
998 1121 1094 1163 Διὸς
1131 1122 1183 1163 ὡς
1220 1121 1274 1161 εὖ·
1312 1125 1364 1175 τῷ
1400 1123 1472 1172 μὲν

140 1191 329 1237 ὑπειπών,
361 1189 427 1243 ἐφ’
457 1191 514 1232 οἷς
549 1188 694 1240 ἐξεῖναι
726 1190 905 1235 κτείνειν,
937 1187 1201 1241 προσγράψαι
1232 1188 1276 1228 τὸ
1309 1187 1471 1229 ‘ciffis'

141 1259 285 1310 ἀφεῖλε
323 1257 391 1297 τὸν
429 1260 497 1297 τοῦ
538 1256 846 1307 βουλεύσασθαί
883 1273 921 1295 τι
963 1255 1081 1296 κακὸν
1123 1256 1282 1308 χρόνον·
1334 1259 1386 1309 τῷ
1430 1257 1472 1294 δὲ

83 1346 119 1378 15
143 1323 431 1376 (ἀμυνόμενος’
461 1323 616 1376 γράψαι
647 1325 763 1373 δηλοῖ
788 1326 840 1377 τῷ
871 1322 1072 1375 πάσχοντι
1102 1321 1231 1364 διδοὺς
1260 1321 1332 1372 τὴν
1363 1320 1470 1372 ἐξου-

142 1392 248 1437 σίαν,
284 1391 351 1431 οὐκ
389 1391 498 1444 ἄλλῳ
536 1391 624 1430 τινί.
696 1390 716 1429 ὁ
751 1392 824 1440 μὲν
861 1389 905 1438 δὴ
940 1390 1058 1440 νόμος
1095 1389 1207 1431 εὐθὺς
1243 1388 1472 1442 ἀμυνομένῳ

141 1458 309 1498 δέδωκεν
340 1458 631 1503 ἀποκτιννύναι,
659 1457 680 1496 ὁ
709 1456 741 1496 δ’
768 1457 882 1497 οὐδὲν
908 1458 1073 1508 εἴρηκεν,
1101 1455 1192 1496 ἀλλ’
1219 1457 1354 1496 ἁπλῶς
1381 1454 1473 1495 ’ἐάν

141 1542 200 1567 τις
233 1524 474 1580 ἀποκτείνῃ,’
509 1523 578 1564 κᾶν
613 1523 664 1565 ὡς
696 1525 732 1563 οἱ
765 1524 878 1574 νόμοι
910 1523 1102 1563 διδόασιν.
1174 1524 1280 1563 ἀλλὰ
1312 1522 1359 1572 νὴ
1395 1523 1473 1562 Δία

143 1595 470 1644 συκοφαντοῦμεν
511 1591 556 1630 τὸ
598 1593 772 1642 πρᾶγμα·
823 1590 910 1630 τίνα
950 1592 1026 1642 γὰρ
1065 1591 1168 1630 οἴσει
1210 1586 1232 1639 ἢ
1275 1588 1360 1639 ἄξει
1401 1591 1473 1642 βίᾳ

84 1679 123 1700 20
143 1660 284 1700 ἀδίκως
300 1659 544 1710 Χαρίδημος;
576 1656 725 1697 πάντας
741 1657 981 1708 ἀνθρώπους.
1036 1659 1123 1697 ’ίστε
1140 1658 1213 1709 γὰρ
1230 1655 1354 1706 δήπου
1368 1656 1474 1695 τοῦθ’

142 1727 202 1766 ὅτι
231 1725 373 1767 πάντες
405 1727 442 1765 οἱ
480 1723 689 1776 στράτευμ’
720 1723 892 1776 ἔχοντες,
925 1725 980 1763 ὧν
1009 1723 1057 1763 ἂν
1088 1725 1246 1763 οἴωνται
1278 1724 1474 1775 κρείττους

142 1794 322 1838 ἔσεσθαι,
359 1792 502 1844 ἄγουσι
541 1791 603 1831 καὶ
636 1790 806 1842 φέρουσι
841 1789 1009 1843 χρήματ’
1041 1792 1253 1832 αἰτοῦντες.
1325 1789 1394 1830 εἶτ’
1430 1790 1474 1829 οὐ

142 1861 282 1906 δεινόν,
316 1857 345 1899 ὦ
379 1861 428 1912 γῆ
464 1858 527 1898 καὶ
560 1859 655 1903 θεοί,
693 1858 754 1897 καὶ
786 1861 967 1909 φανερῶς
1000 1856 1240 1909 παράνομον,
1274 1856 1318 1896 οὐ
1350 1857 1473 1907 μόνον

142 1929 247 1979 παρὰ
283 1926 351 1967 τὸν
385 1924 659 1978 γεγραμμένον
693 1925 827 1975 νόμον,
863 1925 969 1964 ἀλλὰ
1003 1924 1065 1963 καὶ
1101 1925 1206 1975 παρὰ
1237 1923 1307 1963 τὸν
1342 1922 1473 1963 κοινὸν

84 2013 120 2044 25
142 1993 328 2034 ἁπάντων
348 1993 577 2041 ἀνθρώπων,
600 1990 668 2031 τὸν
689 1990 821 2044 ἄγοντ’
840 1987 863 2040 ἦ
884 1990 1061 2043 φέροντα
1084 1991 1157 2044 βίᾳ
1181 1990 1269 2041 τᾶμ’
1290 1992 1332 2030 ἐν
1351 1995 1470 2030 πολε-

141 2062 232 2110 μίου
255 2061 372 2114 μοίρᾳ
396 2059 447 2110 μὴ
475 2057 626 2108 ἐξεῖναί
645 2075 711 2109 μοι
737 2059 968 2108 ἀμύνεσθαι,
991 2059 1028 2098 εἴ
1049 2074 1094 2109 γε
1119 2059 1214 2108 μηδὲ
1240 2060 1380 2097 τοῦτον
1403 2056 1473 2096 τὸν

141 2128 287 2179 τρόπον
306 2127 464 2177 ἐξέσται
485 2126 711 2177 Χαρίδημον
737 2126 979 2170 ἀποκτεῖναι,
1001 2123 1120 2170 ἀλλά,
1143 2125 1213 2164 ἐὰν
1232 2125 1376 2164 ἀδικῶν
1396 2123 1472 2179 ἄγῃ

197 2246 234 2266 12
259 2236 385 2268 κελεύει
403 2235 483 2266 secl.
508 2234 654 2273 Dobree,
675 2234 714 2265 cf.
734 2235 790 2264 xxi
809 2245 830 2273 9
952 2245 988 2272 14
1015 2235 1168 2273 ἀφείλετο
1186 2232 1216 2262 Α
1333 2234 1370 2262 16
1393 2237 1471 2270 post

144 2279 237 2319 νόμος
254 2280 329 2310 add.
349 2280 399 2311 διὰ
415 2281 518 2310 ταῦτα
535 2279 623 2316 vulg.
639 2289 644 2308 :
672 2288 735 2308 om.
757 2278 780 2308 S
799 2279 892 2308 solus
1042 2279 1081 2307 18
1107 2283 1183 2316 post
1202 2277 1374 2318 ἀποκτείνῃ
1392 2277 1469 2306 add.

143 2324 201 2355 κᾶν
225 2323 350 2355 δικαίως
373 2323 440 2353 aL:
471 2332 535 2353 om.
565 2320 738 2357 SFYO1‚
763 2322 804 2352 cf.
832 2324 847 2358 ξ
875 2331 915 2360 75
1057 2331 1094 2351 21
1131 2320 1315 2360 στράτευμα
1340 2319 1471 2350 SYO:

143 2366 358 2407 στρατεύματ“
391 2365 460 2396 AF
594 2366 728 2406 ἔχοντες
760 2364 847 2396 οὗτοι
879 2365 910 2395 Α
1090 2365 1131 2394 26
1170 2378 1221 2403 μοι
1253 2363 1307 2394 A:
1347 2364 1414 2402 ἐμοὶ
1447 2362 1471 2393 S

142 2411 232 2449 vulg.

1503 147 1621 201 [638]

1501 384 1623 439 [639]

1501 591 1548 625 60

1503 1529 1544 1563 61
