<?xml version="1.0" encoding="UTF-8"?>
<!DOCTYPE html PUBLIC "-//W3C//DTD XHTML 1.0 Transitional//EN"
    "http://www.w3.org/TR/xhtml1/DTD/xhtml1-transitional.dtd">
<html xmlns="http://www.w3.org/1999/xhtml" xml:lang="en" lang="en">
 <head>
  <title>
</title>
<meta http-equiv="Content-Type" content="text/html;charset=utf-8" />
  <meta name='ocr-system' content='tesseract 3.04.00' />
  <meta name='ocr-capabilities' content='ocr_page ocr_carea ocr_par ocr_line ocrx_word'/>
</head>
<body>
  <div class='ocr_page' id='page_1' title='image "./p1orationesrecog02demouoft_0277.png"; bbox 0 0 1737 2734; ppageno 0'>
   <div class='ocr_carea' id='block_1_1' title="bbox 121 871 159 891">
    <p class='ocr_par' dir='ltr' id='par_1_1' title="bbox 121 871 159 891">
     <span class='ocr_line' id='line_1_1' title="bbox 121 871 159 891; baseline 0 0"><span class='ocrx_word' id='word_1_1' title='bbox 121 871 159 891; x_wconf 87' lang='lat'>10</span> 
     </span>
    </p>
   </div>
   <div class='ocr_carea' id='block_1_2' title="bbox 122 1203 157 1235">
    <p class='ocr_par' dir='ltr' id='par_1_2' title="bbox 122 1203 157 1235">
     <span class='ocr_line' id='line_1_2' title="bbox 122 1203 157 1235; baseline 0 0"><span class='ocrx_word' id='word_1_2' title='bbox 122 1203 157 1235; x_wconf 83' lang='lat'>¹5</span> 
     </span>
    </p>
   </div>
   <div class='ocr_carea' id='block_1_3' title="bbox 123 1536 161 1556">
    <p class='ocr_par' dir='ltr' id='par_1_3' title="bbox 123 1536 161 1556">
     <span class='ocr_line' id='line_1_3' title="bbox 123 1536 161 1556; baseline 0 0"><span class='ocrx_word' id='word_1_3' title='bbox 123 1536 161 1556; x_wconf 84' lang='lat'>20</span> 
     </span>
    </p>
   </div>
   <div class='ocr_carea' id='block_1_4' title="bbox 119 2202 158 2232">
    <p class='ocr_par' dir='ltr' id='par_1_4' title="bbox 119 2202 158 2232">
     <span class='ocr_line' id='line_1_4' title="bbox 119 2202 158 2232; baseline 0 -9"><span class='ocrx_word' id='word_1_4' title='bbox 119 2202 158 2232; x_wconf 72' lang='lat'>30</span> 
     </span>
    </p>
   </div>
   <div class='ocr_carea' id='block_1_5' title="bbox 179 142 1172 196">
    <p class='ocr_par' dir='ltr' id='par_1_5' title="bbox 179 142 1172 196">
     <span class='ocr_line' id='line_1_5' title="bbox 179 142 1172 196; baseline 0 -12"><span class='ocrx_word' id='word_1_5' title='bbox 179 142 293 196; x_wconf 76' lang='lat' dir='ltr'>xx1v]</span> <span class='ocrx_word' id='word_1_6' title='bbox 513 148 671 186; x_wconf 70' lang='grc' dir='ltr'><strong>ΚΑΤΑ</strong></span> <span class='ocrx_word' id='word_1_7' title='bbox 719 147 1172 186; x_wconf 70' lang='grc' dir='ltr'>ΤΙΜΟΚΡΑΤΟΎΣ</span> 
     </span>
    </p>
   </div>
   <div class='ocr_carea' id='block_1_6' title="bbox 177 250 1510 2170">
    <p class='ocr_par' dir='ltr' id='par_1_6' title="bbox 177 250 1507 370">
     <span class='ocr_line' id='line_1_6' title="bbox 177 250 1507 302; baseline -0.001 -11"><span class='ocrx_word' id='word_1_8' title='bbox 177 250 392 302; x_wconf 81' lang='grc' dir='ltr'>δικαστήρι’</span> <span class='ocrx_word' id='word_1_9' title='bbox 419 253 543 297; x_wconf 85' lang='grc' dir='ltr'>ἐστίν,</span> <span class='ocrx_word' id='word_1_10' title='bbox 570 253 628 293; x_wconf 77' lang='grc' dir='ltr'>οἷς</span> <span class='ocrx_word' id='word_1_11' title='bbox 655 251 816 302; x_wconf 81' lang='grc' dir='ltr'>ἐξουσία</span> <span class='ocrx_word' id='word_1_12' title='bbox 842 251 930 291; x_wconf 83' lang='grc' dir='ltr'>ἐστὶ</span> <span class='ocrx_word' id='word_1_13' title='bbox 955 252 1018 292; x_wconf 88' lang='grc' dir='ltr'>καὶ</span> <span class='ocrx_word' id='word_1_14' title='bbox 1043 254 1192 301; x_wconf 84' lang='grc' dir='ltr'>δεσμὸν</span> <span class='ocrx_word' id='word_1_15' title='bbox 1219 252 1281 291; x_wconf 84' lang='grc' dir='ltr'>καὶ</span> <span class='ocrx_word' id='word_1_16' title='bbox 1306 250 1398 291; x_wconf 87' lang='grc' dir='ltr'>ἄλλ’</span> <span class='ocrx_word' id='word_1_17' title='bbox 1425 252 1446 290; x_wconf 86' lang='grc' dir='ltr'>ὅ</span> <span class='ocrx_word' id='word_1_18' title='bbox 1469 267 1507 291; x_wconf 91' lang='grc' dir='ltr'>τι</span> 
     </span>
     <span class='ocr_line' id='line_1_7' title="bbox 177 318 851 370; baseline 0.001 -13"><span class='ocrx_word' id='word_1_19' title='bbox 177 318 225 358; x_wconf 75' lang='grc' dir='ltr'>ἂν</span> <span class='ocrx_word' id='word_1_20' title='bbox 248 320 476 369; x_wconf 81' lang='grc' dir='ltr'>βούλωνται</span> <span class='ocrx_word' id='word_1_21' title='bbox 501 319 851 370; x_wconf 66' lang='grc' dir='ltr'>καταγιγνώσκειν.</span> 
     </span>
    </p>

    <p class='ocr_par' dir='ltr' id='par_1_7' title="bbox 177 384 1510 1903">
     <span class='ocr_line' id='line_1_8' title="bbox 242 384 1507 436; baseline 0 -12"><span class='ocrx_word' id='word_1_22' title='bbox 242 384 318 426; x_wconf 50' lang='grc' dir='ltr'>(Ως</span> <span class='ocrx_word' id='word_1_23' title='bbox 350 388 422 435; x_wconf 80' lang='grc' dir='ltr'>μὲν</span> <span class='ocrx_word' id='word_1_24' title='bbox 455 386 522 425; x_wconf 75' lang='grc' dir='ltr'>οὖν</span> <span class='ocrx_word' id='word_1_25' title='bbox 548 385 702 435; x_wconf 82' lang='grc' dir='ltr'>ἔξεστιν</span> <span class='ocrx_word' id='word_1_26' title='bbox 737 386 827 435; x_wconf 82' lang='grc' dir='ltr'>ὑμῖν</span> <span class='ocrx_word' id='word_1_27' title='bbox 852 385 1000 435; x_wconf 84' lang='grc' dir='ltr'>δεσμὸν</span> <span class='ocrx_word' id='word_1_28' title='bbox 1029 385 1367 436; x_wconf 71' lang='grc' dir='ltr'>καταγιγνώσκειν</span> <span class='ocrx_word' id='word_1_29' title='bbox 1401 384 1507 424; x_wconf 83' lang='grc' dir='ltr'>ταῦτ’</span> 
     </span>
     <span class='ocr_line' id='line_1_9' title="bbox 177 451 1508 503; baseline 0 -12"><span class='ocrx_word' id='word_1_30' title='bbox 177 452 429 502; x_wconf 80' lang='grc' dir='ltr'>ἐπιδείκνυμι·</span> <span class='ocrx_word' id='word_1_31' title='bbox 467 452 518 494; x_wconf 84' lang='grc' dir='ltr'>ὡς</span> <span class='ocrx_word' id='word_1_32' title='bbox 550 454 591 492; x_wconf 81' lang='grc' dir='ltr'>δὲ</span> <span class='ocrx_word' id='word_1_33' title='bbox 621 454 668 492; x_wconf 81' lang='grc' dir='ltr'>τὰ</span> <span class='ocrx_word' id='word_1_34' title='bbox 702 451 949 501; x_wconf 81' lang='grc' dir='ltr'>δεδικασμέν’</span> <span class='ocrx_word' id='word_1_35' title='bbox 975 451 1096 503; x_wconf 83' lang='grc' dir='ltr'>ἄκυρα</span> <span class='ocrx_word' id='word_1_36' title='bbox 1126 455 1253 491; x_wconf 84' lang='grc' dir='ltr'>ποιεῖν</span> <span class='ocrx_word' id='word_1_37' title='bbox 1284 452 1345 491; x_wconf 87' lang='grc' dir='ltr'>καὶ</span> <span class='ocrx_word' id='word_1_38' title='bbox 1379 453 1508 492; x_wconf 88' lang='grc' dir='ltr'>δεινὸν</span> 
     </span>
     <span class='ocr_line' id='line_1_10' title="bbox 179 517 1508 568; baseline 0 -11"><span class='ocrx_word' id='word_1_39' title='bbox 179 519 240 557; x_wconf 84' lang='grc' dir='ltr'>καὶ</span> <span class='ocrx_word' id='word_1_40' title='bbox 279 519 443 558; x_wconf 83' lang='grc' dir='ltr'>ἀνόσιόν</span> <span class='ocrx_word' id='word_1_41' title='bbox 480 521 567 558; x_wconf 81' lang='grc' dir='ltr'>ἐστι</span> <span class='ocrx_word' id='word_1_42' title='bbox 605 519 667 558; x_wconf 87' lang='grc' dir='ltr'>καὶ</span> <span class='ocrx_word' id='word_1_43' title='bbox 705 517 826 568; x_wconf 86' lang='grc' dir='ltr'>δήμου</span> <span class='ocrx_word' id='word_1_44' title='bbox 863 517 1091 563; x_wconf 82' lang='grc' dir='ltr'>κατάλυσις,</span> <span class='ocrx_word' id='word_1_45' title='bbox 1131 518 1280 559; x_wconf 81' lang='grc' dir='ltr'>πάντας</span> <span class='ocrx_word' id='word_1_46' title='bbox 1315 517 1364 558; x_wconf 83' lang='grc' dir='ltr'>ἂν</span> <span class='ocrx_word' id='word_1_47' title='bbox 1400 517 1508 568; x_wconf 79' lang='grc' dir='ltr'>οἶμαι</span> 
     </span>
     <span class='ocr_line' id='line_1_11' title="bbox 178 583 1508 637; baseline 0.001 -13"><span class='ocrx_word' id='word_1_48' title='bbox 178 586 440 637; x_wconf 82' lang='grc' dir='ltr'>ὁμολογῆσαι.</span> <span class='ocrx_word' id='word_1_49' title='bbox 498 586 521 635; x_wconf 85' lang='grc' dir='ltr'>ἡ</span> <span class='ocrx_word' id='word_1_50' title='bbox 548 587 622 637; x_wconf 77' lang='grc' dir='ltr'>γὰρ</span> <span class='ocrx_word' id='word_1_51' title='bbox 644 586 759 626; x_wconf 81' lang='grc' dir='ltr'>πόλις</span> <span class='ocrx_word' id='word_1_52' title='bbox 784 585 906 635; x_wconf 85' lang='grc' dir='ltr'>ἡμῶν,</span> <span class='ocrx_word' id='word_1_53' title='bbox 933 583 962 624; x_wconf 71' lang='grc' dir='ltr'><strong>ὦ</strong></span> <span class='ocrx_word' id='word_1_54' title='bbox 986 585 1124 636; x_wconf 77' lang='grc' dir='ltr'>ἄνδρες</span> <span class='ocrx_word' id='word_1_55' title='bbox 1149 586 1344 630; x_wconf 83' lang='grc' dir='ltr'>δικασταί,</span> <span class='ocrx_word' id='word_1_56' title='bbox 1373 585 1508 635; x_wconf 87' lang='grc' dir='ltr'>νόμοις</span> 
     </span>
     <span class='ocr_line' id='line_1_12' title="bbox 179 650 1508 705; baseline 0.001 -15"><span class='ocrx_word' id='word_1_57' title='bbox 179 652 241 691; x_wconf 84' lang='grc' dir='ltr'>καὶ</span> <span class='ocrx_word' id='word_1_58' title='bbox 266 652 532 704; x_wconf 73' lang='grc' dir='ltr'>ψηφίσμασιν</span> <span class='ocrx_word' id='word_1_59' title='bbox 557 655 771 692; x_wconf 84' lang='grc' dir='ltr'>διοικεῖται.</span> <span class='ocrx_word' id='word_1_60' title='bbox 843 653 877 691; x_wconf 87' lang='grc' dir='ltr'>εἰ</span> <span class='ocrx_word' id='word_1_61' title='bbox 907 650 952 701; x_wconf 89' lang='grc' dir='ltr'>δή</span> <span class='ocrx_word' id='word_1_62' title='bbox 982 668 1040 692; x_wconf 88' lang='grc' dir='ltr'>τις</span> <span class='ocrx_word' id='word_1_63' title='bbox 1068 653 1116 690; x_wconf 83' lang='grc' dir='ltr'>τὰ</span> <span class='ocrx_word' id='word_1_64' title='bbox 1140 650 1268 705; x_wconf 76' lang='grc' dir='ltr'>’ψήφῳ</span> <span class='ocrx_word' id='word_1_65' title='bbox 1302 651 1508 703; x_wconf 85' lang='grc' dir='ltr'>κεκριμένα</span> 
     </span>
     <span class='ocr_line' id='line_1_13' title="bbox 178 715 1508 773; baseline 0 -15"><span class='ocrx_word' id='word_1_66' title='bbox 178 719 283 772; x_wconf 81' lang='grc' dir='ltr'>νόμῳ</span> <span class='ocrx_word' id='word_1_67' title='bbox 318 723 436 773; x_wconf 80' lang='grc' dir='ltr'>καινῷ</span> <span class='ocrx_word' id='word_1_68' title='bbox 465 719 594 763; x_wconf 83' lang='grc' dir='ltr'>λύσει,</span> <span class='ocrx_word' id='word_1_69' title='bbox 626 719 666 758; x_wconf 84' lang='grc' dir='ltr'>τί</span> <span class='ocrx_word' id='word_1_70' title='bbox 694 718 814 770; x_wconf 86' lang='grc' dir='ltr'>πέρας</span> <span class='ocrx_word' id='word_1_71' title='bbox 846 717 978 764; x_wconf 84' lang='grc' dir='ltr'>ἕσται;</span> <span class='ocrx_word' id='word_1_72' title='bbox 1017 715 1039 767; x_wconf 80' lang='grc' dir='ltr'>ἦ</span> <span class='ocrx_word' id='word_1_73' title='bbox 1070 721 1152 759; x_wconf 86' lang='grc' dir='ltr'>πῶς</span> <span class='ocrx_word' id='word_1_74' title='bbox 1185 722 1324 758; x_wconf 81' lang='grc' dir='ltr'>τοῦτον</span> <span class='ocrx_word' id='word_1_75' title='bbox 1357 719 1508 758; x_wconf 85' lang='grc' dir='ltr'>δίκαιόν</span> 
     </span>
     <span class='ocr_line' id='line_1_14' title="bbox 179 781 1508 837; baseline 0.002 -13"><span class='ocrx_word' id='word_1_76' title='bbox 179 787 266 824; x_wconf 92' lang='grc' dir='ltr'>ἐστι</span> <span class='ocrx_word' id='word_1_77' title='bbox 293 786 413 835; x_wconf 90' lang='grc' dir='ltr'>νόμον</span> <span class='ocrx_word' id='word_1_78' title='bbox 439 785 762 837; x_wconf 82' lang='grc' dir='ltr'>προσαγορεύειν,</span> <span class='ocrx_word' id='word_1_79' title='bbox 792 784 884 824; x_wconf 80' lang='grc' dir='ltr'>ἀλλ’</span> <span class='ocrx_word' id='word_1_80' title='bbox 904 784 970 824; x_wconf 83' lang='grc' dir='ltr'>οὐκ</span> <span class='ocrx_word' id='word_1_81' title='bbox 997 785 1182 835; x_wconf 85' lang='grc' dir='ltr'>ἀνομίαν;</span> <span class='ocrx_word' id='word_1_82' title='bbox 1221 781 1243 834; x_wconf 82' lang='grc' dir='ltr'>ἦ</span> <span class='ocrx_word' id='word_1_83' title='bbox 1264 788 1346 826; x_wconf 84' lang='grc' dir='ltr'>πῶς</span> <span class='ocrx_word' id='word_1_84' title='bbox 1370 784 1415 824; x_wconf 78' lang='grc' dir='ltr'>οὐ</span> <span class='ocrx_word' id='word_1_85' title='bbox 1439 786 1508 833; x_wconf 80' lang='grc' dir='ltr'>τῆς</span> 
     </span>
     <span class='ocr_line' id='line_1_15' title="bbox 177 850 1509 903; baseline -0.001 -11"><span class='ocrx_word' id='word_1_86' title='bbox 177 853 370 902; x_wconf 80' lang='grc' dir='ltr'>μεγίστης</span> <span class='ocrx_word' id='word_1_87' title='bbox 394 853 513 903; x_wconf 81' lang='grc' dir='ltr'>ὀργῆς</span> <span class='ocrx_word' id='word_1_88' title='bbox 538 853 558 890; x_wconf 89' lang='grc' dir='ltr'>ὁ</span> <span class='ocrx_word' id='word_1_89' title='bbox 582 855 757 893; x_wconf 71' lang='grc' dir='ltr'>τοιοῦτος</span> <span class='ocrx_word' id='word_1_90' title='bbox 783 851 997 902; x_wconf 86' lang='grc' dir='ltr'>νομοθέτης</span> <span class='ocrx_word' id='word_1_91' title='bbox 1023 850 1130 901; x_wconf 79' lang='grc' dir='ltr'>ἄξιός</span> <span class='ocrx_word' id='word_1_92' title='bbox 1161 852 1290 898; x_wconf 88' lang='grc' dir='ltr'>ἐστιν,·</span> <span class='ocrx_word' id='word_1_93' title='bbox 1329 852 1406 903; x_wconf 88' lang='grc' dir='ltr'>ἐγὼ</span> <span class='ocrx_word' id='word_1_94' title='bbox 1435 853 1509 901; x_wconf 80' lang='grc' dir='ltr'>μὲν</span> 
     </span>
     <span class='ocr_line' id='line_1_16' title="bbox 178 917 1509 971; baseline 0.001 -14"><span class='ocrx_word' id='word_1_95' title='bbox 178 921 253 970; x_wconf 83' lang='grc' dir='ltr'>γὰρ</span> <span class='ocrx_word' id='word_1_96' title='bbox 277 922 354 958; x_wconf 85' lang='grc' dir='ltr'>τῶν</span> <span class='ocrx_word' id='word_1_97' title='bbox 381 918 565 971; x_wconf 78' lang='grc' dir='ltr'>ἐσχάτων</span> <span class='ocrx_word' id='word_1_98' title='bbox 594 919 750 969; x_wconf 72' lang='grc' dir='ltr'>νομίζω,</span> <span class='ocrx_word' id='word_1_99' title='bbox 778 917 851 971; x_wconf 83' lang='grc' dir='ltr'>οὐχ</span> <span class='ocrx_word' id='word_1_100' title='bbox 881 919 940 958; x_wconf 87' lang='grc' dir='ltr'>ὅτι</span> <span class='ocrx_word' id='word_1_101' title='bbox 970 922 1108 958; x_wconf 82' lang='grc' dir='ltr'>τοῦτον</span> <span class='ocrx_word' id='word_1_102' title='bbox 1139 918 1260 968; x_wconf 90' lang='grc' dir='ltr'>μόνον</span> <span class='ocrx_word' id='word_1_103' title='bbox 1289 917 1358 958; x_wconf 79' lang='grc' dir='ltr'>τὸν</span> <span class='ocrx_word' id='word_1_104' title='bbox 1388 919 1509 969; x_wconf 89' lang='grc' dir='ltr'>νόμον</span> 
     </span>
     <span class='ocr_line' id='line_1_17' title="bbox 179 984 1509 1036; baseline -0.001 -11"><span class='ocrx_word' id='word_1_105' title='bbox 179 985 330 1034; x_wconf 83' lang='grc' dir='ltr'>ἔθηκεν,</span> <span class='ocrx_word' id='word_1_106' title='bbox 366 985 457 1025; x_wconf 80' lang='grc' dir='ltr'>ἀλλ’</span> <span class='ocrx_word' id='word_1_107' title='bbox 491 986 552 1024; x_wconf 82' lang='grc' dir='ltr'>ὅτι</span> <span class='ocrx_word' id='word_1_108' title='bbox 589 985 651 1024; x_wconf 81' lang='grc' dir='ltr'>καὶ</span> <span class='ocrx_word' id='word_1_109' title='bbox 686 988 768 1026; x_wconf 91' lang='grc' dir='ltr'>τοῖς</span> <span class='ocrx_word' id='word_1_110' title='bbox 804 984 945 1026; x_wconf 75' lang='grc' dir='ltr'>ἄλλοις</span> <span class='ocrx_word' id='word_1_111' title='bbox 983 984 1073 1024; x_wconf 79' lang='grc' dir='ltr'>ὁδὸν</span> <span class='ocrx_word' id='word_1_112' title='bbox 1110 985 1284 1024; x_wconf 85' lang='grc' dir='ltr'>δείκνυσι</span> <span class='ocrx_word' id='word_1_113' title='bbox 1322 985 1384 1024; x_wconf 83' lang='grc' dir='ltr'>καὶ</span> <span class='ocrx_word' id='word_1_114' title='bbox 1421 985 1509 1036; x_wconf 85' lang='grc' dir='ltr'>περὶ</span> 
     </span>
     <span class='ocr_line' id='line_1_18' title="bbox 178 1052 1510 1104; baseline 0.001 -13"><span class='ocrx_word' id='word_1_115' title='bbox 178 1052 439 1104; x_wconf 82' lang='grc' dir='ltr'>δικαστηρίων</span> <span class='ocrx_word' id='word_1_116' title='bbox 474 1052 727 1093; x_wconf 85' lang='grc' dir='ltr'>καταλύσεως</span> <span class='ocrx_word' id='word_1_117' title='bbox 762 1052 823 1091; x_wconf 84' lang='grc' dir='ltr'>καὶ</span> <span class='ocrx_word' id='word_1_118' title='bbox 854 1052 941 1103; x_wconf 85' lang='grc' dir='ltr'>περὶ</span> <span class='ocrx_word' id='word_1_119' title='bbox 970 1055 1048 1091; x_wconf 86' lang='grc' dir='ltr'>τῶν</span> <span class='ocrx_word' id='word_1_120' title='bbox 1078 1052 1311 1103; x_wconf 86' lang='grc' dir='ltr'>φευγόντων</span> <span class='ocrx_word' id='word_1_121' title='bbox 1341 1052 1510 1092; x_wconf 81' lang='grc' dir='ltr'>καθόδου</span> 
     </span>
     <span class='ocr_line' id='line_1_19' title="bbox 179 1117 1508 1170; baseline 0.001 -13"><span class='ocrx_word' id='word_1_122' title='bbox 179 1120 241 1158; x_wconf 84' lang='grc' dir='ltr'>καὶ</span> <span class='ocrx_word' id='word_1_123' title='bbox 273 1119 361 1170; x_wconf 84' lang='grc' dir='ltr'>περὶ</span> <span class='ocrx_word' id='word_1_124' title='bbox 397 1122 475 1158; x_wconf 83' lang='grc' dir='ltr'>τῶν</span> <span class='ocrx_word' id='word_1_125' title='bbox 511 1118 647 1159; x_wconf 83' lang='grc' dir='ltr'>ἄλλων</span> <span class='ocrx_word' id='word_1_126' title='bbox 679 1122 757 1159; x_wconf 86' lang='grc' dir='ltr'>τῶν</span> <span class='ocrx_word' id='word_1_127' title='bbox 793 1117 1039 1158; x_wconf 84' lang='grc' dir='ltr'>δεινοτάτων.</span> <span class='ocrx_word' id='word_1_128' title='bbox 1111 1119 1151 1158; x_wconf 87' lang='grc' dir='ltr'>τί</span> <span class='ocrx_word' id='word_1_129' title='bbox 1180 1120 1254 1170; x_wconf 69' lang='grc' dir='ltr'>γὰρ</span> <span class='ocrx_word' id='word_1_130' title='bbox 1289 1119 1444 1164; x_wconf 82' lang='grc' dir='ltr'>κωλύει,</span> <span class='ocrx_word' id='word_1_131' title='bbox 1479 1117 1508 1158; x_wconf 66' lang='lat'>[2]</span> 
     </span>
     <span class='ocr_line' id='line_1_20' title="bbox 178 1184 1510 1239; baseline 0 -15"><span class='ocrx_word' id='word_1_132' title='bbox 178 1184 314 1236; x_wconf 84' lang='grc' dir='ltr'>ἄνδρες</span> <span class='ocrx_word' id='word_1_133' title='bbox 334 1186 528 1230; x_wconf 83' lang='grc' dir='ltr'>δικασταί,</span> <span class='ocrx_word' id='word_1_134' title='bbox 551 1187 584 1225; x_wconf 82' lang='grc' dir='ltr'>εἰ</span> <span class='ocrx_word' id='word_1_135' title='bbox 603 1185 714 1226; x_wconf 79' lang='grc' dir='ltr'>οὗτος</span> <span class='ocrx_word' id='word_1_136' title='bbox 739 1185 890 1239; x_wconf 86' lang='grc' dir='ltr'>χαίρων</span> <span class='ocrx_word' id='word_1_137' title='bbox 910 1184 1136 1236; x_wconf 80' lang='grc' dir='ltr'>ἀπαλλάξει</span> <span class='ocrx_word' id='word_1_138' title='bbox 1155 1186 1175 1224; x_wconf 91' lang='grc' dir='ltr'>ὁ</span> <span class='ocrx_word' id='word_1_139' title='bbox 1193 1188 1369 1225; x_wconf 88' lang='grc' dir='ltr'>τοιοῦτον</span> <span class='ocrx_word' id='word_1_140' title='bbox 1388 1185 1510 1235; x_wconf 89' lang='grc' dir='ltr'>νόμον</span> 
     </span>
     <span class='ocr_line' id='line_1_21' title="bbox 178 1251 1509 1304; baseline 0.001 -14"><span class='ocrx_word' id='word_1_141' title='bbox 178 1253 311 1297; x_wconf 90' lang='grc' dir='ltr'>τιθείς,</span> <span class='ocrx_word' id='word_1_142' title='bbox 334 1252 469 1303; x_wconf 85' lang='grc' dir='ltr'>ἕτερον</span> <span class='ocrx_word' id='word_1_143' title='bbox 489 1254 663 1303; x_wconf 86' lang='grc' dir='ltr'>φανῆναι</span> <span class='ocrx_word' id='word_1_144' title='bbox 689 1252 791 1291; x_wconf 78' lang='grc' dir='ltr'>ἄλλο</span> <span class='ocrx_word' id='word_1_145' title='bbox 815 1268 852 1291; x_wconf 92' lang='grc' dir='ltr'>τι</span> <span class='ocrx_word' id='word_1_146' title='bbox 875 1255 954 1292; x_wconf 85' lang='grc' dir='ltr'>τῶν</span> <span class='ocrx_word' id='word_1_147' title='bbox 973 1254 1042 1301; x_wconf 85' lang='grc' dir='ltr'>τῆς</span> <span class='ocrx_word' id='word_1_148' title='bbox 1062 1253 1216 1293; x_wconf 89' lang='grc' dir='ltr'>πόλεως</span> <span class='ocrx_word' id='word_1_149' title='bbox 1236 1251 1509 1304; x_wconf 84' lang='grc' dir='ltr'>ἰσχυροτάτων</span> 
     </span>
     <span class='ocr_line' id='line_1_22' title="bbox 181 1318 1508 1373; baseline 0 -15"><span class='ocrx_word' id='word_1_150' title='bbox 181 1319 428 1358; x_wconf 87' lang='grc' dir='ltr'>καταλύοντα</span> <span class='ocrx_word' id='word_1_151' title='bbox 453 1320 558 1373; x_wconf 78' lang='grc' dir='ltr'>νόμῳ</span> <span class='ocrx_word' id='word_1_152' title='bbox 586 1323 723 1373; x_wconf 80' lang='grc' dir='ltr'>καινῷ;</span> <span class='ocrx_word' id='word_1_153' title='bbox 762 1319 839 1370; x_wconf 87' lang='grc' dir='ltr'>ἐγὼ</span> <span class='ocrx_word' id='word_1_154' title='bbox 864 1320 936 1368; x_wconf 82' lang='grc' dir='ltr'>μὲν</span> <span class='ocrx_word' id='word_1_155' title='bbox 961 1319 1036 1370; x_wconf 81' lang='grc' dir='ltr'>γὰρ</span> <span class='ocrx_word' id='word_1_156' title='bbox 1061 1318 1168 1369; x_wconf 78' lang='grc' dir='ltr'>οἶμαι</span> <span class='ocrx_word' id='word_1_157' title='bbox 1193 1318 1319 1359; x_wconf 79' lang='grc' dir='ltr'>οὐδέν.</span> <span class='ocrx_word' id='word_1_158' title='bbox 1381 1318 1508 1358; x_wconf 84' lang='grc' dir='ltr'>ἀκούω</span> 
     </span>
     <span class='ocr_line' id='line_1_23' title="bbox 179 1384 1506 1437; baseline 0 -12"><span class='ocrx_word' id='word_1_159' title='bbox 179 1384 212 1425; x_wconf 85' lang='grc' dir='ltr'>δ’</span> <span class='ocrx_word' id='word_1_160' title='bbox 232 1385 358 1437; x_wconf 85' lang='grc' dir='ltr'>ἔγωγε</span> <span class='ocrx_word' id='word_1_161' title='bbox 379 1386 441 1425; x_wconf 88' lang='grc' dir='ltr'>καὶ</span> <span class='ocrx_word' id='word_1_162' title='bbox 461 1386 505 1426; x_wconf 82' lang='grc' dir='ltr'>τὸ</span> <span class='ocrx_word' id='word_1_163' title='bbox 525 1386 715 1437; x_wconf 86' lang='grc' dir='ltr'>πρότερον</span> <span class='ocrx_word' id='word_1_164' title='bbox 734 1387 833 1424; x_wconf 83' lang='grc' dir='ltr'>οὕτω</span> <span class='ocrx_word' id='word_1_165' title='bbox 855 1387 1121 1435; x_wconf 84' lang='grc' dir='ltr'>καταλυθῆναι</span> <span class='ocrx_word' id='word_1_166' title='bbox 1139 1384 1210 1435; x_wconf 82' lang='grc' dir='ltr'>τὴν</span> <span class='ocrx_word' id='word_1_167' title='bbox 1229 1385 1506 1435; x_wconf 87' lang='grc' dir='ltr'>δημοκρατίαν,</span> 
     </span>
     <span class='ocr_line' id='line_1_24' title="bbox 179 1452 1506 1504; baseline -0.001 -12"><span class='ocrx_word' id='word_1_168' title='bbox 179 1453 419 1503; x_wconf 88' lang='grc' dir='ltr'>παρανόμων</span> <span class='ocrx_word' id='word_1_169' title='bbox 455 1456 608 1504; x_wconf 84' lang='grc' dir='ltr'>πρῶτον</span> <span class='ocrx_word' id='word_1_170' title='bbox 645 1456 811 1504; x_wconf 85' lang='grc' dir='ltr'>γραφῶν</span> <span class='ocrx_word' id='word_1_171' title='bbox 851 1454 1148 1492; x_wconf 85' lang='grc' dir='ltr'>καταλυθεισῶν</span> <span class='ocrx_word' id='word_1_172' title='bbox 1188 1452 1250 1492; x_wconf 86' lang='grc' dir='ltr'>καὶ</span> <span class='ocrx_word' id='word_1_173' title='bbox 1287 1455 1365 1492; x_wconf 82' lang='grc' dir='ltr'>τῶν</span> <span class='ocrx_word' id='word_1_174' title='bbox 1400 1454 1506 1491; x_wconf 87' lang='grc' dir='ltr'>δικα-</span> 
     </span>
     <span class='ocr_line' id='line_1_25' title="bbox 181 1518 1508 1571; baseline 0 -13"><span class='ocrx_word' id='word_1_175' title='bbox 181 1520 353 1571; x_wconf 84' lang='grc' dir='ltr'>στηρίων</span> <span class='ocrx_word' id='word_1_176' title='bbox 377 1519 529 1570; x_wconf 87' lang='grc' dir='ltr'>ἀκύρων</span> <span class='ocrx_word' id='word_1_177' title='bbox 549 1518 787 1571; x_wconf 82' lang='grc' dir='ltr'>γενομένων.</span> <span class='ocrx_word' id='word_1_178' title='bbox 847 1521 943 1560; x_wconf 79' lang='grc' dir='ltr'>ἴσως</span> <span class='ocrx_word' id='word_1_179' title='bbox 962 1520 1034 1569; x_wconf 81' lang='grc' dir='ltr'>μὲν</span> <span class='ocrx_word' id='word_1_180' title='bbox 1059 1519 1128 1559; x_wconf 76' lang='grc' dir='ltr'>οὖν</span> <span class='ocrx_word' id='word_1_181' title='bbox 1153 1518 1199 1558; x_wconf 80' lang='grc' dir='ltr'>ἄν</span> <span class='ocrx_word' id='word_1_182' title='bbox 1224 1535 1282 1560; x_wconf 90' lang='grc' dir='ltr'>τις</span> <span class='ocrx_word' id='word_1_183' title='bbox 1307 1518 1508 1569; x_wconf 85' lang='grc' dir='ltr'>ὑπολάβοι</span> 
     </span>
     <span class='ocr_line' id='line_1_26' title="bbox 179 1584 1507 1640; baseline 0 -16"><span class='ocrx_word' id='word_1_184' title='bbox 179 1586 240 1625; x_wconf 82' lang='grc' dir='ltr'>ὅτι</span> <span class='ocrx_word' id='word_1_185' title='bbox 273 1586 346 1640; x_wconf 81' lang='grc' dir='ltr'>οὐχ</span> <span class='ocrx_word' id='word_1_186' title='bbox 379 1587 523 1637; x_wconf 86' lang='grc' dir='ltr'>ὁμοίων</span> <span class='ocrx_word' id='word_1_187' title='bbox 552 1587 678 1626; x_wconf 84' lang='grc' dir='ltr'>ὄντων</span> <span class='ocrx_word' id='word_1_188' title='bbox 706 1590 784 1626; x_wconf 85' lang='grc' dir='ltr'>τῶν</span> <span class='ocrx_word' id='word_1_189' title='bbox 819 1584 1060 1638; x_wconf 85' lang='grc' dir='ltr'>πραγμάτων</span> <span class='ocrx_word' id='word_1_190' title='bbox 1092 1589 1160 1625; x_wconf 80' lang='grc' dir='ltr'>νῦν</span> <span class='ocrx_word' id='word_1_191' title='bbox 1194 1585 1256 1625; x_wconf 86' lang='grc' dir='ltr'>καὶ</span> <span class='ocrx_word' id='word_1_192' title='bbox 1280 1586 1369 1626; x_wconf 86' lang='grc' dir='ltr'>τότε</span> <span class='ocrx_word' id='word_1_193' title='bbox 1400 1585 1507 1637; x_wconf 88' lang='grc' dir='ltr'>λέγω</span> 
     </span>
     <span class='ocr_line' id='line_1_27' title="bbox 180 1651 1504 1703; baseline 0 -11"><span class='ocrx_word' id='word_1_194' title='bbox 180 1653 268 1703; x_wconf 86' lang='grc' dir='ltr'>περὶ</span> <span class='ocrx_word' id='word_1_195' title='bbox 297 1653 551 1694; x_wconf 88' lang='grc' dir='ltr'>καταλύσεως</span> <span class='ocrx_word' id='word_1_196' title='bbox 580 1657 647 1692; x_wconf 80' lang='grc' dir='ltr'>τοῦ</span> <span class='ocrx_word' id='word_1_197' title='bbox 675 1651 810 1702; x_wconf 85' lang='grc' dir='ltr'>δήμου.</span> <span class='ocrx_word' id='word_1_198' title='bbox 882 1651 973 1692; x_wconf 77' lang='grc' dir='ltr'>ἀλλ’</span> <span class='ocrx_word' id='word_1_199' title='bbox 998 1652 1085 1692; x_wconf 80' lang='grc' dir='ltr'>οὐδὲ</span> <span class='ocrx_word' id='word_1_200' title='bbox 1117 1652 1276 1703; x_wconf 88' lang='grc' dir='ltr'>σπέρμα</span> <span class='ocrx_word' id='word_1_201' title='bbox 1306 1655 1366 1692; x_wconf 86' lang='grc' dir='ltr'>δεῖ</span> <span class='ocrx_word' id='word_1_202' title='bbox 1389 1668 1504 1692; x_wconf 89' lang='grc' dir='ltr'>κατα-</span> 
     </span>
     <span class='ocr_line' id='line_1_28' title="bbox 179 1717 1507 1775; baseline 0 -17"><span class='ocrx_word' id='word_1_203' title='bbox 179 1719 352 1768; x_wconf 77' lang='grc' dir='ltr'>βάλλειν</span> <span class='ocrx_word' id='word_1_204' title='bbox 381 1721 424 1760; x_wconf 89' lang='grc' dir='ltr'>ἐν</span> <span class='ocrx_word' id='word_1_205' title='bbox 453 1720 499 1775; x_wconf 75' lang='grc' dir='ltr'>τῇ</span> <span class='ocrx_word' id='word_1_206' title='bbox 530 1720 645 1759; x_wconf 86' lang='grc' dir='ltr'>πόλει</span> <span class='ocrx_word' id='word_1_207' title='bbox 678 1719 830 1765; x_wconf 86' lang='grc' dir='ltr'>οὐδένα,</span> <span class='ocrx_word' id='word_1_208' title='bbox 863 1717 891 1759; x_wconf 73' lang='grc' dir='ltr'>ὦ</span> <span class='ocrx_word' id='word_1_209' title='bbox 921 1719 1058 1770; x_wconf 81' lang='grc' dir='ltr'>ἄνδρες</span> <span class='ocrx_word' id='word_1_210' title='bbox 1092 1719 1285 1764; x_wconf 82' lang='grc' dir='ltr'>δικασταί,</span> <span class='ocrx_word' id='word_1_211' title='bbox 1318 1719 1507 1759; x_wconf 88' lang='grc' dir='ltr'>τοιούτων</span> 
     </span>
     <span class='ocr_line' id='line_1_29' title="bbox 179 1785 1507 1838; baseline -0.001 -12"><span class='ocrx_word' id='word_1_212' title='bbox 179 1786 431 1837; x_wconf 83' lang='grc' dir='ltr'>πραγμάτων,</span> <span class='ocrx_word' id='word_1_213' title='bbox 460 1785 539 1826; x_wconf 79' lang='grc' dir='ltr'>οὐδ’</span> <span class='ocrx_word' id='word_1_214' title='bbox 566 1787 598 1826; x_wconf 81' lang='grc' dir='ltr'>εἰ</span> <span class='ocrx_word' id='word_1_215' title='bbox 627 1785 741 1835; x_wconf 85' lang='grc' dir='ltr'>μήπω</span> <span class='ocrx_word' id='word_1_216' title='bbox 772 1785 820 1825; x_wconf 78' lang='grc' dir='ltr'>ἂν</span> <span class='ocrx_word' id='word_1_217' title='bbox 845 1786 996 1837; x_wconf 85' lang='grc' dir='ltr'>ἐκφύοι,</span> <span class='ocrx_word' id='word_1_218' title='bbox 1025 1786 1131 1825; x_wconf 79' lang='grc' dir='ltr'>ἀλλὰ</span> <span class='ocrx_word' id='word_1_219' title='bbox 1157 1785 1225 1826; x_wconf 84' lang='grc' dir='ltr'>τὸν</span> <span class='ocrx_word' id='word_1_220' title='bbox 1249 1787 1507 1838; x_wconf 82' lang='grc' dir='ltr'>ἐγχειροῦντα</span> 
     </span>
     <span class='ocr_line' id='line_1_30' title="bbox 178 1850 1095 1903; baseline 0.001 -12"><span class='ocrx_word' id='word_1_221' title='bbox 178 1851 312 1903; x_wconf 90' lang='grc' dir='ltr'>λέγειν</span> <span class='ocrx_word' id='word_1_222' title='bbox 340 1850 360 1902; x_wconf 78' lang='grc' dir='ltr'>ἦ</span> <span class='ocrx_word' id='word_1_223' title='bbox 387 1856 516 1893; x_wconf 84' lang='grc' dir='ltr'>ποιεῖν</span> <span class='ocrx_word' id='word_1_224' title='bbox 539 1869 576 1892; x_wconf 91' lang='grc' dir='ltr'>τι</span> <span class='ocrx_word' id='word_1_225' title='bbox 601 1856 774 1892; x_wconf 78' lang='grc' dir='ltr'>τοιοῦτον</span> <span class='ocrx_word' id='word_1_226' title='bbox 799 1854 909 1902; x_wconf 86' lang='grc' dir='ltr'>δίκην</span> <span class='ocrx_word' id='word_1_227' title='bbox 934 1853 1095 1892; x_wconf 88' lang='grc' dir='ltr'>διδόναι.</span> 
     </span>
    </p>

    <p class='ocr_par' dir='ltr' id='par_1_8' title="bbox 178 1918 1505 2170">
     <span class='ocr_line' id='line_1_31' title="bbox 239 1918 1502 1974; baseline 0 -15"><span class='ocrx_word' id='word_1_228' title='bbox 239 1918 334 1959; x_wconf 60' lang='grc' dir='ltr'>’Ότι</span> <span class='ocrx_word' id='word_1_229' title='bbox 369 1921 500 1959; x_wconf 89' lang='grc' dir='ltr'>τοίνυν</span> <span class='ocrx_word' id='word_1_230' title='bbox 539 1920 599 1958; x_wconf 82' lang='grc' dir='ltr'>καὶ</span> <span class='ocrx_word' id='word_1_231' title='bbox 636 1919 757 1974; x_wconf 87' lang='grc' dir='ltr'>τέχνῃ</span> <span class='ocrx_word' id='word_1_232' title='bbox 796 1923 919 1961; x_wconf 83' lang='grc' dir='ltr'>κακῶς</span> <span class='ocrx_word' id='word_1_233' title='bbox 957 1920 1187 1972; x_wconf 85' lang='grc' dir='ltr'>ἐνεχείρησε</span> <span class='ocrx_word' id='word_1_234' title='bbox 1230 1922 1356 1959; x_wconf 89' lang='grc' dir='ltr'>ποιεῖν</span> <span class='ocrx_word' id='word_1_235' title='bbox 1392 1920 1502 1968; x_wconf 74' lang='grc' dir='ltr'>ὑμᾶς,</span> 
     </span>
     <span class='ocr_line' id='line_1_32' title="bbox 179 1984 1505 2037; baseline 0.002 -13"><span class='ocrx_word' id='word_1_236' title='bbox 179 1984 289 2035; x_wconf 77' lang='grc' dir='ltr'>ἄξιόν</span> <span class='ocrx_word' id='word_1_237' title='bbox 314 1987 424 2026; x_wconf 82' lang='grc' dir='ltr'>ἐστιν</span> <span class='ocrx_word' id='word_1_238' title='bbox 449 1987 625 2026; x_wconf 75' lang='grc' dir='ltr'>ἀκοῦσαι.</span> <span class='ocrx_word' id='word_1_239' title='bbox 697 1987 797 2036; x_wconf 83' lang='grc' dir='ltr'>ὁρῶν</span> <span class='ocrx_word' id='word_1_240' title='bbox 822 1987 897 2037; x_wconf 77' lang='grc' dir='ltr'>γὰρ</span> <span class='ocrx_word' id='word_1_241' title='bbox 923 1984 1112 2026; x_wconf 85' lang='grc' dir='ltr'>ἑκάστοτε</span> <span class='ocrx_word' id='word_1_242' title='bbox 1138 1985 1300 2030; x_wconf 84' lang='grc' dir='ltr'>πάντας,</span> <span class='ocrx_word' id='word_1_243' title='bbox 1328 1986 1389 2025; x_wconf 87' lang='grc' dir='ltr'>καὶ</span> <span class='ocrx_word' id='word_1_244' title='bbox 1414 1985 1505 2026; x_wconf 82' lang='grc' dir='ltr'>τοὺς</span> 
     </span>
     <span class='ocr_line' id='line_1_33' title="bbox 178 2052 1504 2103; baseline 0.002 -12"><span class='ocrx_word' id='word_1_245' title='bbox 178 2052 504 2103; x_wconf 84' lang='grc' dir='ltr'>πολιτευομένους</span> <span class='ocrx_word' id='word_1_246' title='bbox 527 2053 589 2092; x_wconf 85' lang='grc' dir='ltr'>καὶ</span> <span class='ocrx_word' id='word_1_247' title='bbox 609 2052 698 2094; x_wconf 81' lang='grc' dir='ltr'>τοὺς</span> <span class='ocrx_word' id='word_1_248' title='bbox 716 2052 883 2098; x_wconf 81' lang='grc' dir='ltr'>ἰδιώτας,</span> <span class='ocrx_word' id='word_1_249' title='bbox 901 2052 990 2093; x_wconf 80' lang='grc' dir='ltr'>τοὺς</span> <span class='ocrx_word' id='word_1_250' title='bbox 1010 2053 1152 2103; x_wconf 88' lang='grc' dir='ltr'>νόμους</span> <span class='ocrx_word' id='word_1_251' title='bbox 1172 2056 1249 2092; x_wconf 85' lang='grc' dir='ltr'>τῶν</span> <span class='ocrx_word' id='word_1_252' title='bbox 1265 2054 1333 2102; x_wconf 84' lang='grc' dir='ltr'>τῆς</span> <span class='ocrx_word' id='word_1_253' title='bbox 1349 2052 1504 2093; x_wconf 87' lang='grc' dir='ltr'>πόλεως</span> 
     </span>
     <span class='ocr_line' id='line_1_34' title="bbox 178 2117 1504 2170; baseline 0.001 -12"><span class='ocrx_word' id='word_1_254' title='bbox 178 2119 336 2170; x_wconf 82' lang='grc' dir='ltr'>ἀγαθῶν</span> <span class='ocrx_word' id='word_1_255' title='bbox 360 2120 505 2160; x_wconf 86' lang='grc' dir='ltr'>αἰτίους</span> <span class='ocrx_word' id='word_1_256' title='bbox 524 2119 895 2169; x_wconf 73' lang='grc' dir='ltr'>ὑπολαμβάνοντας,</span> <span class='ocrx_word' id='word_1_257' title='bbox 918 2119 1081 2159; x_wconf 89' lang='grc' dir='ltr'>ἐσκόπει</span> <span class='ocrx_word' id='word_1_258' title='bbox 1101 2122 1182 2159; x_wconf 86' lang='grc' dir='ltr'>πῶς</span> <span class='ocrx_word' id='word_1_259' title='bbox 1208 2117 1326 2168; x_wconf 82' lang='grc' dir='ltr'>λήσει</span> <span class='ocrx_word' id='word_1_260' title='bbox 1344 2118 1504 2159; x_wconf 82' lang='grc' dir='ltr'>τούτους</span> 
     </span>
    </p>
   </div>
   <div class='ocr_carea' id='block_1_7' title="bbox 177 2183 1504 2378">
    <p class='ocr_par' dir='ltr' id='par_1_9' title="bbox 177 2183 1504 2378">
     <span class='ocr_line' id='line_1_35' title="bbox 179 2183 1504 2242; baseline 0 -18"><span class='ocrx_word' id='word_1_261' title='bbox 179 2186 416 2231; x_wconf 83' lang='grc' dir='ltr'>καταλύσας,</span> <span class='ocrx_word' id='word_1_262' title='bbox 451 2185 523 2225; x_wconf 79' lang='grc' dir='ltr'>κᾶν</span> <span class='ocrx_word' id='word_1_263' title='bbox 556 2185 630 2236; x_wconf 81' lang='grc' dir='ltr'>ἄρα</span> <span class='ocrx_word' id='word_1_264' title='bbox 665 2189 803 2242; x_wconf 78' lang='grc' dir='ltr'>ληφθῇ</span> <span class='ocrx_word' id='word_1_265' title='bbox 835 2189 948 2225; x_wconf 84' lang='grc' dir='ltr'>τοῦτο</span> <span class='ocrx_word' id='word_1_266' title='bbox 981 2189 1115 2230; x_wconf 84' lang='grc' dir='ltr'>ποιῶν,</span> <span class='ocrx_word' id='word_1_267' title='bbox 1150 2184 1201 2235; x_wconf 77' lang='grc' dir='ltr'>μὴ</span> <span class='ocrx_word' id='word_1_268' title='bbox 1236 2183 1340 2235; x_wconf 80' lang='grc' dir='ltr'>δόξει</span> <span class='ocrx_word' id='word_1_269' title='bbox 1376 2184 1504 2225; x_wconf 86' lang='grc' dir='ltr'>δεινὸν</span> 
     </span>
     <span class='ocr_line' id='line_1_36' title="bbox 220 2294 1503 2337; baseline -0.001 -10"><span class='ocrx_word' id='word_1_270' title='bbox 220 2305 239 2334; x_wconf 85' lang='grc'><strong>3</strong></span> <span class='ocrx_word' id='word_1_271' title='bbox 263 2295 352 2327; x_wconf 74' lang='grc' dir='ltr'>ταῦτ’</span> <span class='ocrx_word' id='word_1_272' title='bbox 372 2296 488 2327; x_wconf 82' lang='lat' dir='ltr'>codd.:</span> <span class='ocrx_word' id='word_1_273' title='bbox 514 2295 614 2337; x_wconf 78' lang='grc' dir='ltr'>ταύτῃ</span> <span class='ocrx_word' id='word_1_274' title='bbox 634 2295 731 2325; x_wconf 87' lang='lat' dir='ltr'>Wolf</span> <span class='ocrx_word' id='word_1_275' title='bbox 859 2306 877 2331; x_wconf 86' lang='lat'><strong>4</strong></span> <span class='ocrx_word' id='word_1_276' title='bbox 903 2296 954 2326; x_wconf 80' lang='grc' dir='ltr'>καὶ</span> <span class='ocrx_word' id='word_1_277' title='bbox 972 2300 1051 2325; x_wconf 81' lang='lat' dir='ltr'>ante</span> <span class='ocrx_word' id='word_1_278' title='bbox 1070 2295 1111 2326; x_wconf 81' lang='grc' dir='ltr'>τὰ</span> <span class='ocrx_word' id='word_1_279' title='bbox 1128 2294 1204 2324; x_wconf 79' lang='lat' dir='ltr'>add.</span> <span class='ocrx_word' id='word_1_280' title='bbox 1226 2294 1249 2324; x_wconf 86' lang='lat' dir='ltr'>S</span> <span class='ocrx_word' id='word_1_281' title='bbox 1263 2294 1288 2325; x_wconf 79' lang='lat' dir='ltr'>F</span> <span class='ocrx_word' id='word_1_282' title='bbox 1422 2302 1439 2332; x_wconf 92' lang='lat'><strong>7</strong></span> <span class='ocrx_word' id='word_1_283' title='bbox 1464 2295 1503 2331; x_wconf 80' lang='grc' dir='ltr'>δή</span> 
     </span>
     <span class='ocr_line' id='line_1_37' title="bbox 177 2338 1503 2378; baseline 0.001 -10"><span class='ocrx_word' id='word_1_284' title='bbox 177 2338 201 2368; x_wconf 99' lang='lat' dir='ltr'>S</span> <span class='ocrx_word' id='word_1_285' title='bbox 219 2350 225 2369; x_wconf 88' lang='lat'>:</span> <span class='ocrx_word' id='word_1_286' title='bbox 249 2340 286 2370; x_wconf 88' lang='grc' dir='ltr'>δέ</span> <span class='ocrx_word' id='word_1_287' title='bbox 299 2339 388 2377; x_wconf 86' lang='lat' dir='ltr'><strong>vulg.</strong></span> <span class='ocrx_word' id='word_1_288' title='bbox 514 2349 547 2368; x_wconf 90' lang='lat'>11</span> <span class='ocrx_word' id='word_1_289' title='bbox 575 2342 639 2370; x_wconf 82' lang='grc' dir='ltr'>τῶν</span> <span class='ocrx_word' id='word_1_290' title='bbox 658 2338 811 2378; x_wconf 79' lang='grc' dir='ltr'>ἐσχάτων</span> <span class='ocrx_word' id='word_1_291' title='bbox 829 2338 872 2369; x_wconf 83' lang='lat' dir='ltr'>S:</span> <span class='ocrx_word' id='word_1_292' title='bbox 898 2341 955 2376; x_wconf 85' lang='grc' dir='ltr'>τῆς</span> <span class='ocrx_word' id='word_1_293' title='bbox 973 2338 1120 2378; x_wconf 80' lang='grc' dir='ltr'>ἐσχάτης</span> <span class='ocrx_word' id='word_1_294' title='bbox 1139 2342 1217 2368; x_wconf 84' lang='lat' dir='ltr'><strong>cett.</strong></span> <span class='ocrx_word' id='word_1_295' title='bbox 1345 2339 1382 2367; x_wconf 93' lang='lat'>16</span> <span class='ocrx_word' id='word_1_296' title='bbox 1405 2339 1503 2369; x_wconf 75' lang='grc' dir='ltr'>τιθεὶς</span> 
     </span>
    </p>
   </div>
   <div class='ocr_carea' id='block_1_8' title="bbox 176 2380 1503 2466">
    <p class='ocr_par' dir='ltr' id='par_1_10' title="bbox 176 2380 1503 2466">
     <span class='ocr_line' id='line_1_38' title="bbox 177 2380 1503 2420; baseline 0.001 -9"><span class='ocrx_word' id='word_1_297' title='bbox 177 2382 201 2411; x_wconf 89' lang='lat' dir='ltr'>S</span> <span class='ocrx_word' id='word_1_298' title='bbox 216 2397 222 2413; x_wconf 74' lang='grc' dir='ltr'>ε</span> <span class='ocrx_word' id='word_1_299' title='bbox 249 2383 311 2414; x_wconf 79' lang='grc' dir='ltr'>θεὶς</span> <span class='ocrx_word' id='word_1_300' title='bbox 329 2388 405 2413; x_wconf 83' lang='lat' dir='ltr'>cett.</span> <span class='ocrx_word' id='word_1_301' title='bbox 516 2392 550 2420; x_wconf 89' lang='lat'>17</span> <span class='ocrx_word' id='word_1_302' title='bbox 577 2382 781 2414; x_wconf 80' lang='grc' dir='ltr'>καταλύοντα</span> <span class='ocrx_word' id='word_1_303' title='bbox 799 2382 821 2411; x_wconf 83' lang='lat' dir='ltr'>S</span> <span class='ocrx_word' id='word_1_304' title='bbox 839 2393 846 2411; x_wconf 73' lang='lat' dir='ltr'><strong><em>z</em></strong></span> <span class='ocrx_word' id='word_1_305' title='bbox 870 2381 1098 2413; x_wconf 84' lang='grc' dir='ltr'>καταλύσοντα</span> <span class='ocrx_word' id='word_1_306' title='bbox 1116 2381 1140 2411; x_wconf 86' lang='lat' dir='ltr'>F</span> <span class='ocrx_word' id='word_1_307' title='bbox 1153 2381 1181 2411; x_wconf 81' lang='lat' dir='ltr'>Y</span> <span class='ocrx_word' id='word_1_308' title='bbox 1195 2381 1224 2411; x_wconf 89' lang='grc' dir='ltr'>Ο</span> <span class='ocrx_word' id='word_1_309' title='bbox 1242 2392 1248 2410; x_wconf 89' lang='lat'>:</span> <span class='ocrx_word' id='word_1_310' title='bbox 1273 2380 1503 2413; x_wconf 79' lang='grc' dir='ltr'>καταλύσαντα</span> 
     </span>
     <span class='ocr_line' id='line_1_39' title="bbox 176 2424 1431 2466; baseline -0.001 -11"><span class='ocrx_word' id='word_1_311' title='bbox 176 2425 207 2455; x_wconf 91' lang='grc' dir='ltr'><strong>Α</strong></span> <span class='ocrx_word' id='word_1_312' title='bbox 296 2436 335 2464; x_wconf 86' lang='lat'>24</span> <span class='ocrx_word' id='word_1_313' title='bbox 361 2428 411 2457; x_wconf 80' lang='grc' dir='ltr'>καὶ</span> <span class='ocrx_word' id='word_1_314' title='bbox 429 2431 506 2456; x_wconf 83' lang='lat' dir='ltr'>ante</span> <span class='ocrx_word' id='word_1_315' title='bbox 524 2427 580 2457; x_wconf 77' lang='grc' dir='ltr'>τὸν</span> <span class='ocrx_word' id='word_1_316' title='bbox 598 2426 672 2455; x_wconf 85' lang='lat' dir='ltr'>add.</span> <span class='ocrx_word' id='word_1_317' title='bbox 694 2426 781 2464; x_wconf 80' lang='lat' dir='ltr'><strong>vulg.</strong></span> <span class='ocrx_word' id='word_1_318' title='bbox 801 2437 807 2455; x_wconf 74' lang='grc' dir='ltr'>ε</span> <span class='ocrx_word' id='word_1_319' title='bbox 832 2435 895 2455; x_wconf 88' lang='lat' dir='ltr'>om.</span> <span class='ocrx_word' id='word_1_320' title='bbox 916 2425 939 2454; x_wconf 91' lang='lat' dir='ltr'>S</span> <span class='ocrx_word' id='word_1_321' title='bbox 957 2425 1049 2455; x_wconf 84' lang='lat' dir='ltr'>solus</span> <span class='ocrx_word' id='word_1_322' title='bbox 1139 2435 1182 2464; x_wconf 87' lang='lat'>30</span> <span class='ocrx_word' id='word_1_323' title='bbox 1206 2424 1279 2466; x_wconf 81' lang='grc' dir='ltr'>δόξῃ</span> <span class='ocrx_word' id='word_1_324' title='bbox 1298 2424 1328 2454; x_wconf 93' lang='grc' dir='ltr'>Α</span> <span class='ocrx_word' id='word_1_325' title='bbox 1341 2424 1364 2454; x_wconf 87' lang='lat' dir='ltr'>F</span> <span class='ocrx_word' id='word_1_326' title='bbox 1380 2437 1431 2465; x_wconf 76' lang='grc' dir='ltr'>γρ.</span> 
     </span>
    </p>
   </div>
   <div class='ocr_carea' id='block_1_9' title="bbox 1539 146 1646 200">
    <p class='ocr_par' dir='ltr' id='par_1_11' title="bbox 1539 146 1646 200">
     <span class='ocr_line' id='line_1_40' title="bbox 1539 146 1646 200; baseline -0.009 0"><span class='ocrx_word' id='word_1_327' title='bbox 1539 146 1646 200; x_wconf 77' lang='lat'><strong>[747]</strong></span> 
     </span>
    </p>
   </div>
   <div class='ocr_carea' id='block_1_10' title="bbox 1544 395 1606 431">
    <p class='ocr_par' dir='ltr' id='par_1_12' title="bbox 1544 395 1606 431">
     <span class='ocr_line' id='line_1_41' title="bbox 1544 395 1606 431; baseline -0.016 -10"><span class='ocrx_word' id='word_1_328' title='bbox 1544 395 1606 431; x_wconf 82' lang='lat'>152</span> 
     </span>
    </p>
   </div>
   <div class='ocr_carea' id='block_1_11' title="bbox 1540 861 1636 969">
    <p class='ocr_par' dir='ltr' id='par_1_13' title="bbox 1540 861 1636 969">
     <span class='ocr_line' id='line_1_42' title="bbox 1543 861 1605 897; baseline -0.032 0"><span class='ocrx_word' id='word_1_329' title='bbox 1543 861 1605 897; x_wconf 79' lang='lat'>153</span> 
     </span>
     <span class='ocr_line' id='line_1_43' title="bbox 1540 914 1636 969; baseline -0.073 0"><span class='ocrx_word' id='word_1_330' title='bbox 1540 914 1636 969; x_wconf 84' lang='lat'><strong>[748</strong></span> 
     </span>
    </p>
   </div>
   <div class='ocr_carea' id='block_1_12' title="bbox 1543 1329 1608 1363">
    <p class='ocr_par' dir='ltr' id='par_1_14' title="bbox 1543 1329 1608 1363">
     <span class='ocr_line' id='line_1_44' title="bbox 1543 1329 1608 1363; baseline 0 -10"><span class='ocrx_word' id='word_1_331' title='bbox 1543 1329 1608 1363; x_wconf 68' lang='lat'>154</span> 
     </span>
    </p>
   </div>
  </div>
 </body>
</html>
