1737 2734
143 136 212 190 κῆ
531 139 693 177 ΠΡΟΣ
741 138 1079 176 ΛΕΠΤΓΝΗΝ

140 245 298 295 ἡλικίαν
317 245 455 289 ὄντων,
476 244 575 294 μετὰ
600 243 672 293 τὴν
690 246 759 283 τοῦ
783 242 907 294 δήμου
933 241 1100 282 κάθοδον
1118 241 1190 292 τὴν
1211 243 1253 282 ἐκ
1274 245 1472 294 Πειραιῶς

141 311 333 352 ἀσθενοῦς
357 310 467 360 ἡμῶν
491 312 559 359 τῆς
585 311 740 351 πόλεως
769 310 892 359 οὔσης
918 310 979 349 καὶ
1005 312 1100 349 ναῦν
1125 309 1310 359 οὐδεμίαν
1336 326 1469 359 κεκτη-

139 377 272 427 μένης,
294 380 530 428 στρατηγῶν
549 380 730 427 βασιλεῖ,
751 376 842 428 παρ’
861 377 969 427 ὑμῶν
989 375 1068 415 οὐδ’
1083 376 1265 426 ἡντινοῦν
1286 375 1471 427 ἀφορμὴν

138 445 293 494 λαβών,
322 443 673 495 κατεναυμάχησεν
699 444 1044 493 Λακεδαιμονίους,
1078 443 1140 483 καὶ
1170 443 1362 494 πρότερον
1391 446 1472 484 τοῖς

101 529 117 559 5
139 511 278 552 ἄλλοις
303 510 582 551 ἐπιτάττοντας
608 509 723 550 εἴθισ’
743 510 899 549 ἀκούειν
924 511 1043 560 ὑμῶν,
1067 510 1129 549 καὶ
1154 509 1244 551 τοὺς
1269 511 1471 561 ἁρμοστὰς

138 576 336 628 ἐξήλασεν
352 578 393 617 ἐκ
410 580 488 616 τῶν
504 575 651 626 νήσων,
671 576 733 616 καὶ
751 578 849 627 μετὰ
865 580 988 616 ταῦτα
1006 575 1106 627 δεῦρ’
1123 576 1251 616 ἐλθὼν
1271 575 1470 626 ἀνέστησε

138 646 186 684 τὰ
209 644 335 697 τείχη,
364 643 427 683 καὶ
457 647 609 694 πρῶτος
635 642 756 683 πάλιν
781 643 869 694 περὶ
894 645 962 692 τῆς
992 642 1203 694 ἡγεμονίας
1233 643 1397 692 ἐποίησε
1423 648 1470 699 τῇ

138 711 254 750 πόλει
283 710 351 750 τὸν
379 710 503 762 λόγον
537 709 634 761 πρὸς
663 711 997 760 Λακεδαιμονίους
1027 708 1139 749 εἶναι.
1213 709 1274 749 καὶ
1304 708 1380 762 γάρ
1409 726 1470 749 τοι

135 777 243 832 μόνῳ
285 781 362 817 τῶν
404 776 563 816 πάντων
606 776 707 830 αὐτῷ
751 775 852 815 τοῦτ’
893 777 935 816 ἐν
973 781 1020 832 τῇ
1063 774 1193 831 στήλῃ
1236 775 1468 828 γέγραπται·

79 860 116 883 10
138 845 148 860 ‘
165 843 299 893 ἐπειδὴ
324 840 495 896 [Κόνων]
512 843 522 857 ’
548 843 675 895 φησὶν
703 845 711 859 ‘
729 841 980 894 ἠλευθέρωσε
1004 842 1094 884 τοὺς
1121 842 1343 892 Ἀθηναίων
1368 860 1467 893 συμ-

135 910 314 963 μάχους.’
384 910 493 950 ἔστιν
530 912 571 950 δὲ
608 913 720 949 τοῦτο
757 909 802 949 τὸ
837 909 996 962 γράμμ’,
1031 907 1061 948 ὦ
1096 909 1234 960 ἄνδρες
1271 911 1466 955 δικασταί,

136 979 271 1032 ἐκείνῳ
295 979 369 1027 μὲν
390 978 598 1029 φιλοτιμία
617 976 712 1029 πρὸς
732 977 829 1026 ὑμᾶς
856 976 1008 1022 αὐτούς,
1029 977 1120 1027 ὑμῖν
1140 978 1181 1016 δὲ
1202 975 1298 1027 πρὸς
1318 976 1468 1018 πάντας

134 1044 224 1086 τοὺς
253 1043 473 1094 ’Έλληνας-
514 1045 605 1083 ὅτου
641 1046 716 1095 γὰρ
752 1043 799 1083 ἄν
836 1060 894 1084 τις
930 1042 1020 1095 παρ’
1056 1044 1163 1093 ὑμῶν
1200 1043 1349 1095 ἀγαθοῦ
1386 1047 1466 1085 τοῖς

133 1110 273 1152 ἄλλοις
312 1112 434 1152 αἴτιος
469 1110 642 1163 γένηται,
681 1111 818 1150 τούτου
857 1109 929 1159 τὴν
968 1109 1088 1160 δόξαν
1125 1109 1170 1149 τὸ
1208 1112 1277 1160 τῆς
1313 1111 1467 1152 πόλεως

77 1192 113 1226 15
135 1179 259 1228 ὄνομα
302 1181 526 1229 καρποῦται.
600 1178 735 1228 διόπερ
774 1177 818 1216 οὐ
860 1177 982 1227 μόνον
1024 1176 1126 1230 αὐτῷ
1169 1176 1240 1226 τὴν
1283 1176 1466 1217 ἀτέλειαν

134 1245 283 1284 ἔδωκαν
312 1246 348 1285 οἱ
377 1245 480 1290 τότε,
508 1245 615 1284 ἀλλὰ
646 1245 707 1284 καὶ
737 1246 893 1297 χαλκῆν
923 1245 1067 1289 εἰκόνα,
1095 1244 1230 1295 ὥσπερ
1255 1242 1466 1296 ιΑρμοδίου

135 1311 197 1351 καὶ
239 1311 595 1363 Ἀριστογείτονος,
639 1310 817 1361 ἔστησαν
864 1310 1032 1362 πρώτου’
1091 1311 1261 1362 ἡγοῦντο
1304 1311 1379 1362 γὰρ
1421 1310 1465 1350 οὐ

132 1379 275 1429 μικρὰν
293 1379 502 1429 τυραννίδα
527 1377 589 1417 καὶ
609 1381 747 1417 τοῦτον
767 1377 838 1427 τὴν
858 1378 1179 1427 Λακεδαιμονίων
1198 1377 1325 1430 ἀρχὴν
1345 1394 1461 1417 κατα-

133 1444 313 1485 λύσαντα
338 1443 591 1485 πεπαυκέναι.
655 1443 705 1484 ἵν’
731 1444 799 1484 οῦν
823 1447 980 1494 μᾶλλον
1006 1444 1063 1485 οἷς
1088 1443 1196 1496 λέγω
1221 1444 1461 1497 προσέχητε,

75 1526 113 1547 20
131 1512 180 1550 τὰ
208 1511 441 1563 ψηφίσμαθ’
473 1512 564 1561 ὑμῖν
593 1510 674 1550 αὕτ’
705 1511 982 1563 ἀναγνώσεται
1009 1512 1056 1550 τὰ
1085 1511 1174 1552 τότε
1202 1510 1464 1563 ψηφισθέντα

131 1581 184 1632 τῷ
212 1578 378 1618 Κόνωνι.
437 1578 545 1630 λέγε.

671 1703 924 1732 ΨΗΦΙΣΜΑΤΑ.

199 1778 259 1818 Οὐ
283 1779 413 1820 τοίνυν
438 1778 507 1831 ὑφ’
528 1780 633 1829 ὑμῶν
657 1779 780 1829 μόνον
806 1779 825 1817 ὁ
852 1778 1004 1824 Κόνων,
1032 1775 1061 1817 ὦ
1086 1776 1224 1829 ἄνδρες
1243 1777 1459 1827 Ἀθηναῖοι,

131 1844 212 1885 τότ’
238 1845 399 1896 ἐτιμήθη
426 1844 575 1897 πράξας
605 1846 629 1886 ’ὰ
659 1845 868 1895 διεξῆλθον
894 1845 984 1897 ἐγώ,
1011 1845 1118 1884 ἀλλὰ
1145 1844 1207 1884 καὶ
1235 1844 1299 1884 ὑπ’
1325 1844 1462 1885 ἄλλων

74 1925 110 1956 25
131 1916 308 1958 πολλῶν,
336 1912 371 1952 οἳ
403 1914 560 1954 δικαίως
588 1913 643 1952 ὧν
673 1911 926 1964 εὐεργέτηντο
954 1910 1071 1964 χάριν
1097 1910 1220 1965 ᾤοντο
1250 1915 1331 1951 δεῖν
1362 1912 1458 1951 ἀπο-

132 1979 294 2019 διδόναι.
366 1979 507 2019 οὕκουν
537 1979 720 2032 αἰσχρόν,
757 1977 786 2018 ὦ
819 1978 955 2030 ἄνδρες
989 1977 1205 2028 Ἀθηναῖοι,
1242 1979 1275 2018 εἰ
1312 1980 1352 2018 αἱ
1388 1980 1461 2028 μὲν

131 2046 237 2097 παρὰ
269 2049 350 2087 τοῖς
384 2046 523 2087 ἄλλοις
557 2046 712 2096 δωρειαὶ
746 2044 912 2095 βέβαιοι
942 2044 1132 2095 μένουσιν
1165 2044 1282 2098 αὐτῷ,
1316 2047 1385 2093 τῆς
1419 2046 1461 2084 δὲ

599 2116 616 2124 Λ
643 2111 652 2125 ³
695 2112 705 2125 Ἴ
1252 2110 1300 2124 ’N'
1341 2113 1350 2123 ἱ

132 2111 222 2163 παρ’
254 2113 361 2163 ὑμῶν
393 2113 516 2163 μόνης
548 2129 639 2151 τουτ
687 2110 973 2164 αφαιρήσεται,·
1014 2112 1076 2151 καὶ
1112 2110 1190 2161 μὴν
1222 2121 1288 2151 ovo
1335 2114 1460 2151 εκεῖνο

179 2231 218 2251 10
250 2220 359 2253 Κόνων
382 2221 462 2253 secl.
484 2221 583 2252 Blass
717 2231 758 2259 23
790 2221 841 2261 ὑφ’
866 2223 950 2260 ὑμῶν
973 2221 1070 2260 μόνον
1097 2221 1142 2251 S:
1175 2219 1227 2261 ὑφ’
1249 2223 1333 2260 ὑμῶν
1356 2220 1461 2259 μόνων

133 2264 201 2295 FX
217 2275 224 2294 :
247 2264 345 2304 μόνον
362 2264 414 2304 ὑφ’
432 2266 522 2303 ἡμῶν
537 2265 569 2294 Α
584 2276 589 2294 :
615 2264 721 2305 μόνων
737 2266 789 2304 ὑφ’
808 2267 893 2303 ὑμῶν
910 2264 1009 2295 Blass
1129 2275 1169 2303 24
1195 2264 1328 2304 ἐτιμήθη
1346 2263 1376 2293 Α
1394 2264 1434 2294 al.
1454 2275 1461 2293 :

133 2307 308 2347 ἐπετιμήθη
340 2307 482 2338 SLFY
659 2309 766 2338 26-28
798 2309 911 2339 οὔκουν
934 2331 942 2338 .
970 2331 977 2339 .
1003 2332 1010 2339 .
1038 2309 1270 2349 ἀφαιρήιῐεταις
1297 2307 1461 2337 Voemel:

132 2353 246 2383 οὐκοῦν
269 2374 275 2382 .
306 2374 314 2382 .
340 2375 347 2382 .
376 2352 600 2392 ἀφαιρήσεται.
627 2353 731 2390 vulg.‚
758 2351 798 2382 cf.
828 2354 864 2388 ἐξ
892 2352 945 2387 26,
969 2352 1023 2389 62,
1048 2361 1090 2390 97
1239 2360 1279 2388 27
1310 2353 1460 2390 μενοῦσιν

132 2394 300 2424 Tournier
455 2396 497 2424 28
522 2395 733 2436 ἀφαιρήσεται
753 2394 780 2424 Β
798 2399 832 2424 et
848 2394 978 2425 scholia
995 2395 1020 2425 C
1034 2395 1062 2425 G
1075 2394 1104 2424 V
1122 2404 1152 2434 p.
1172 2404 1246 2433 493,
1269 2404 1285 2432 7
1305 2393 1433 2433 (Blass)
1452 2403 1460 2423 τ

133 2439 382 2479 ἀφαιρεθήσεται
399 2443 477 2470 cett.

1504 136 1613 190 [477]

1499 714 1546 758 69

1498 1043 1612 1098 [478]

1498 1191 1543 1225 70

1494 1793 1536 1827 71

1493 2123 1536 2158 72
