1737 2734
111 134 221 188 [788]

180 862 224 897 59

178 1053 225 1087 60

180 1519 221 1554 61

654 129 1175 184 [ΔΗΜΟΣΘΕΝΟΎΣ]
1477 129 1575 182 [xxv

253 240 349 290 ὑπὲρ
375 241 443 288 τῆς
469 238 651 289 πράσεως
676 240 744 287 τῆς
770 238 948 288 ἀδελφῆς
973 238 1120 290 ἔλαχεν
1145 237 1246 291 αὐτῷ
1272 237 1419 281 οὑτοσί,
1449 238 1510 276 καὶ
1534 236 1579 276 τὸ

254 305 431 357 ἔγκλημα
451 304 560 356 φέρε.
619 303 731 344 κάλει
750 303 793 344 δέ
811 320 876 354 μοι
897 307 1051 354 πρῶτον
1070 303 1228 343 πάντων
1244 303 1312 343 τὸν
1331 305 1399 352 τῆς
1420 303 1580 352 Ζωβίας

253 370 491 421 προστάτην,
513 373 581 420 τῆς
601 369 890 421 ὑποδεξαμένης
915 370 1046 414 αὐτόν,
1071 370 1131 409 καὶ
1156 369 1245 411 τοὺς
1265 368 1461 419 πωλητάς,
1484 372 1580 419 πρὸς

253 438 318 478 οὓς
352 436 557 488 ἀπήγαγεν
591 435 724 486 αὐτήν.
796 438 904 486 ὑμεῖς
934 435 966 476 δ’
991 435 1237 487 ἠγανακτεῖτ’
1263 436 1404 487 ἀρτίως
1437 436 1470 475 εἰ
1503 438 1581 474 τῶν

253 504 321 543 τὸν
359 504 499 554 ἔρανον
536 504 739 554 φερόντων
778 504 832 544 εἰς
870 502 942 552 τὴν
981 503 1180 551 σωτηρίαν
1218 501 1320 555 αὐτῷ
1361 501 1578 552 κατηγόρει.
1602 520 1617 549 5

253 570 405 621 μιαρόν,
433 570 586 621 μιαρόν,
609 567 638 608 ὦ
665 569 801 620 ἄνδρες
821 568 1037 618 Ἀθηναῖοι,
1066 568 1109 608 τὸ
1135 569 1269 619 θηρίον
1296 568 1357 607 καὶ
1382 567 1578 618 ἄμεικτον.

254 636 349 688 λέγε
373 638 442 677 τὰς
467 637 690 687 μαρτυρίας.

807 754 1032 781 ΜΑΡΤΎΡῘΑῙ.

320 853 392 893 Τίς
418 852 485 891 οὖν
513 850 622 900 ἱκανὴ
646 852 742 889 κατὰ
767 854 835 890 τοῦ
859 854 1033 889 τοσαῦτα
1059 850 1119 889 καὶ
1145 853 1304 889 τοιαῦτα
1323 850 1583 899 πεποιηκότος

256 917 396 969 γένοιτ’
422 917 470 957 ἂν
496 920 601 967 δίκη,·
641 918 699 958 τίς
724 916 814 966 ἀξία
838 918 1022 968 τιμωρία,·
1061 916 1228 957 θάνατος
1252 919 1324 966 μὲν
1349 918 1423 967 γὰρ
1449 916 1583 967 ἔμοιγε
1606 932 1643 953 10

255 987 371 1036 μικρὰ
397 985 592 1035 φαίνεται.

316 1049 392 1091 ιῈν
431 1052 562 1091 τοίνυν
602 1051 721 1090 εἰπὼν
761 1050 819 1090 ἔτι
859 1053 936 1089 τῶν
976 1050 1085 1089 ἰδίων
1128 1049 1244 1089 αὐτοῦ
1282 1048 1584 1099 πονηρευμάτων

255 1119 301 1157 τὰ
336 1117 442 1157 λοίπ’
478 1117 596 1157 ἐάσω.
669 1118 759 1168 πρὶν
797 1119 871 1168 γὰρ
906 1116 1084 1166 ἐξελθεῖν
1120 1118 1162 1155 ἐκ
1199 1120 1266 1155 τοῦ
1301 1116 1582 1165 δεσμωτηρίου,

256 1185 501 1234 ἐμπεσόντος
540 1184 747 1235 ἀνθρώπου
785 1183 890 1223 τινὸς
926 1184 1177 1233 Ταναγραίου
1216 1185 1312 1233 πρὸς
1351 1182 1582 1233 κατεγγύην,

255 1254 520 1303 γραμματεῖον
541 1251 714 1303 ἔχοντος,
737 1250 974 1301 προσελθὼν
1000 1250 1061 1289 καὶ
1086 1252 1222 1289 λαλῶν
1247 1247 1446 1298 ὁτιδήποθ’
1465 1249 1582 1300 ὑφαι-
1608 1266 1643 1297 15

255 1321 379 1368 ρεῖται
404 1318 447 1357 τὸ
474 1321 749 1369 γραμματεῖον.
825 1315 1057 1366 αἰτιωμένου
1087 1318 1128 1356 δὲ
1160 1315 1220 1354 καὶ
1250 1317 1357 1355 δεινὰ
1382 1318 1586 1356 ποιοῦντος

255 1384 497 1436 τάνθρώπου,
538 1384 599 1423 καὶ
635 1382 822 1434 λέγοντος
862 1384 921 1422 ὅτι
960 1382 1085 1424 οὐδεὶς
1124 1382 1248 1424 ἄλλος
1284 1383 1493 1437 ὑφῄρηται,
1532 1383 1587 1422 εἰς

257 1450 357 1490 τοῦτ’
392 1452 616 1503 ἀφικνεῖται
651 1451 863 1502 βδελυρίας
907 1450 1010 1489 ὥστε
1047 1449 1207 1489 τύπτειν
1250 1449 1484 1501 ἐπεχείρησε
1519 1448 1587 1487 τὸν

258 1518 477 1569 ἄνθρωπον.
549 1517 692 1566 νεαλὴς
729 1519 770 1557 δὲ
809 1518 870 1556 καὶ
904 1517 1138 1567 πρόσφατος
1176 1515 1229 1556 ὢν
1267 1517 1413 1557 ἐκεῖνος
1450 1517 1586 1566 περιῆν

257 1584 374 1624 αὐτοῦ
397 1583 722 1637 τεταριχευμένου
748 1584 810 1623 καὶ
836 1584 960 1623 πολὺν
985 1584 1131 1636 χρόνον
1157 1583 1470 1633 ἐμπεπτωκότος.
1536 1582 1587 1623 ὡς
1610 1599 1647 1620 20

258 1651 290 1691 ’δ’
308 1653 363 1693 εἰς
382 1651 486 1691 τοῦθ’
504 1651 608 1701 ἧκεν,
631 1652 814 1691 ἀπεσθίει
834 1651 904 1700 τὴν
920 1651 1008 1702 ῥῖνα
1028 1651 1270 1701 τάνθρώπου.
1328 1649 1390 1688 καὶ
1410 1649 1497 1688 τότε
1515 1651 1587 1699 μὲν

260 1718 346 1769 περὶ
375 1718 445 1767 τὴν
475 1722 683 1770 γεγονυῖαν
715 1719 926 1769 συμφορὰν
957 1717 1160 1767 ἅνθρωπος
1189 1717 1401 1768 γενόμενος
1432 1714 1586 1764 ἀπέστη

259 1789 325 1824 τοῦ
357 1785 402 1824 τὸ
436 1789 701 1837 γραμματεῖον
734 1787 894 1836 ἐρευνᾶν
924 1781 1002 1835 [καὶ
1037 1781 1189 1834 ζητεῖν]
1227 1785 1394 1834 ὕστερον
1423 1781 1456 1822 δ’
1487 1782 1585 1833 εὑρί-

262 1868 403 1892 σκουσι
428 1852 472 1891 τὸ
497 1855 763 1903 γραμματεῖον
789 1853 830 1891 ἐν
857 1851 1029 1904 κιβωτίῳ
1059 1851 1148 1895 τινί,
1176 1850 1219 1890 οὗ
1243 1850 1314 1899 τὴν
1345 1852 1451 1889 κλεῖν
1477 1848 1589 1889 οὗτος

261 1919 381 1972 εἶχεν.
455 1920 516 1959 καὶ
545 1921 644 1969 μετὰ
673 1922 793 1958 ταῦτα
818 1919 1065 1969 ψηφίζονται
1091 1918 1178 1968 περὶ
1209 1917 1326 1956 αὐτοῦ
1349 1915 1456 1955 ταῦθ’
1482 1917 1518 1955 οἱ
1547 1916 1590 1954 ἐν
1612 1933 1647 1963 ²5

261 1990 314 2040 τῷ
349 1985 542 2036 οἰκήματι,
575 1986 625 2036 μὴ
660 1986 792 2037 πυρός,
823 1985 874 2035 μὴ
907 1985 1071 2037 λύχνον,
1102 1985 1154 2035 μὴ
1186 1987 1318 2029 ποτοῦ,
1349 1982 1400 2033 μὴ
1433 1985 1590 2033 βρωτοῦ

261 2053 426 2103 μηδενὸς
444 2052 591 2103 μηδένα
608 2053 729 2106 τούτῳ
752 2049 979 2102 κοινωνεῖν[,
997 2053 1093 2102 μηδὲ
1114 2049 1349 2101 λαμβάιιέιν,
1367 2049 1455 2100 μηδ’
1472 2049 1589 2088 αὐτὸν

311 2174 321 2193 1
354 2166 369 2194 ὁ
394 2165 538 2204 χρηστὸς
564 2164 702 2201 ἁδελφὸς
728 2166 803 2201 post
829 2164 912 2201 αὐτῷ
936 2162 1012 2191 add.
1033 2160 1099 2190 AS
1116 2173 1182 2201 γρ.,
1202 2160 1241 2189 cs.
1265 2163 1279 2196 ξ
1299 2169 1340 2197 55
1495 2167 1514 2187 2
1538 2171 1590 2197 μοι

263 2217 327 2237 om.
349 2207 374 2236 F
496 2216 514 2244 5
540 2205 712 2246 κατηγόρει
732 2205 760 2235 Y
775 2205 804 2235 O
822 2216 828 2235 t
852 2218 1025 2245 κατηγορει
1044 2204 1067 2234 S
1085 2216 1090 2234 :
1117 2205 1293 2244 κατηγορεῖ
1306 2202 1394 2241 vulg.
1523 2203 1544 2230 6
1568 2202 1590 2232 ὦ

264 2253 374 2291 ἄνδρες
399 2250 558 2286 Ἀθηναῖοι
583 2255 659 2279 ante
684 2252 720 2280 τὸ
745 2249 851 2289 θηρίον
876 2248 962 2278 SY:
997 2253 1071 2286 post
1096 2249 1134 2278 τὸ
1159 2247 1264 2285 θηρίον
1281 2245 1311 2276 Α
1330 2245 1400 2284 (qui
1426 2255 1490 2275 om.
1507 2244 1547 2283 ὦ)
1568 2245 1591 2274 F

265 2295 284 2322 8
321 2299 534 2325 ΜΑΡΊὝΡΙΑΙ
563 2303 626 2323 om.
658 2294 681 2322 S
854 2301 894 2321 22
929 2291 1087 2332 ἅνθρωπος
1118 2290 1273 2320 Bekker:
1309 2291 1468 2330 ἄνθρωπος
1496 2287 1586 2325 vulg.

267 2347 306 2375 23
331 2339 382 2368 καὶ
409 2336 520 2376 ζητεῖν
541 2335 672 2366 SYO:
698 2337 716 2373 ἢ
739 2334 845 2375 ζητεῖν
862 2335 974 2373 vulga:
1001 2335 1079 2364 secl.
1103 2333 1231 2364 Reiske
1407 2342 1446 2370 27
1471 2332 1591 2371 μηδένα

265 2382 399 2419 μηδενὸς
421 2380 444 2409 F
547 2379 671 2411 τούτων
690 2380 713 2409 S
726 2379 755 2409 Y
768 2379 798 2409 O
910 2377 1012 2417 μηδὲ.
1034 2400 1040 2406 .
1063 2402 1068 2408 .
1086 2377 1205 2409 διδόναι
1223 2376 1305 2407 Secl.
1323 2375 1416 2406 Weil
