1737 2734
163 143 235 199 xx]
551 146 713 184 ΠΡΟΣ
761 146 1097 184 ΛΕΠΤΙΝΗΝ
1525 143 1648 198 [490]

162 250 225 290 καὶ
252 250 349 289 κατὰ
372 249 441 289 τὸν
466 250 666 302 λογισμὸν
691 251 823 290 ἐκεῖνα
848 250 992 302 φανείη
1018 249 1181 300 βελτίω,
1208 250 1278 299 τῆς
1302 265 1348 301 γε
1372 248 1496 302 τύχης

163 316 269 370 ἕνεχ’
306 315 332 372 ᾗ
367 318 472 368 παρὰ
514 316 619 356 ταῦτ’
659 317 790 373 ἀγαθῇ
833 316 1045 370 κέχρησθε,
1084 317 1148 357 ἐπὶ
1190 316 1342 356 τούτων
1383 314 1496 366 ἄξιον

160 387 305 434 μεῖναι.
375 384 409 423 εἰ
435 385 474 423 δὲ
501 386 562 423 δεῖ
586 385 691 435 παρὰ
716 383 844 424 πάντα
868 383 975 423 ταῦτ’
1002 384 1126 424 εἰπεῖν
1151 382 1172 422 ὃ
1197 384 1348 423 δίκαιον
1377 382 1494 434 ἡγοῦ·
1531 396 1592 423 111

160 467 242 501 μαι,
269 449 385 490 ἐκεῖν’
409 448 457 490 ἂν
491 450 610 502 ἔγωγ’
641 452 802 501 εἴποιμι.
873 450 940 490 οὐκ
975 450 1063 490 ἔστι
1095 451 1261 495 δίκαιον,
1296 447 1326 489 ὦ
1359 448 1498 501 ἄνδρες

124 536 141 566 5
162 514 381 567 Ἀθηναῖοι,
410 517 500 559 τοὺς
530 518 852 568 Λακεδαιμονίων
886 518 1028 568 νόμους
1060 517 1148 557 οὐδὲ
1182 516 1273 558 τοὺς
1299 517 1497 567 Θηβαίων

160 583 297 636 λέγειν
336 584 402 624 ἐπὶ
437 587 490 638 τῷ
524 584 614 625 τοὺς
648 583 787 624 ἐνθάδε
820 585 1097 634 λυμαίνεσθαι,
1134 583 1222 624 οὐδὲ
1256 583 1305 623 δι’
1338 584 1393 624 ὧν
1424 585 1497 634 μὲν

161 652 305 691 ἐκεῖνοι
338 650 508 702 μεγάλοι
534 647 619 701 [τῆς
651 652 887 703 ὀλιγαρχίας
922 651 983 691 καὶ
1016 652 1250 692 δεσποτείας
1284 648 1396 702 εἶσί],
1426 649 1497 690 κᾶν

163 719 392 758 ἀποκτεῖναι
417 718 642 768 βούλεσθαι
666 717 736 758 τὸν
764 717 856 769 παρ’
882 717 976 768 ἡμῖν
1005 718 1154 758 τούτων
1184 734 1222 758 τι
1252 717 1494 757 κατασκευά-

163 801 305 831 σαντα,
340 785 403 824 διὰ
439 784 472 824 δ’
504 786 560 825 ὧν
596 785 617 824 ὁ
653 784 744 836 παρ’
778 784 871 835 ἡμῖν
907 786 1029 835 δῆμος
1061 784 1267 836 εὐδαίμων,
1302 783 1411 824 ταῦθ’
1445 784 1497 826 ὡς

105 868 143 890 ιο
163 852 321 892 ἀνελεῖν
348 854 408 891 δεῖ
429 852 633 903 λεγόντων
658 855 776 892 τινῶν
803 851 958 892 ἐθέλειν
983 852 1151 892 ἀκούειν.

224 917 345 958 ''Eo-n
376 919 508 958 τοίνυν
533 935 591 960 τις
616 919 827 972 πρόχειρος
859 919 995 971 λόγος,
1024 918 1075 960 ὡς
1099 918 1174 970 ἄρα
1201 918 1262 958 καὶ
1287 918 1378 970 παρ’
1403 918 1496 968 ἡμῖν
1529 897 1642 989 Ξ49Ῑ]

162 985 227 1025 ε’πὶ
259 989 338 1025 τῶν
370 986 578 1038 προγόνων
610 985 731 1026 πόλλ’
764 985 880 1037 ἀγάθ’
913 985 1167 1038 εἰργασμένοι
1200 987 1304 1028 τινὲς
1338 985 1497 1027 οὐδενὸς
1555 964 1594 990 12

161 1051 341 1102 ἠξιοῦντο
381 1052 571 1098 τοιούτου,
611 1052 703 1092 ἀλλ’
743 1053 955 1104 ἀγαπητῶς
996 1051 1293 1105 ἐπιγράμματος
1335 1053 1378 1093 ἐν
1414 1056 1496 1093 τοῖς

162 1118 326 1171 Ἑρμαῖς
359 1118 514 1172 ἔτυχον·
559 1119 621 1160 καὶ
655 1120 753 1161 ἴσως
789 1118 894 1159 τοῦθ’
927 1120 1018 1170 ὑμῖν
1051 1120 1327 1171 ἀναγνώσεται
1360 1119 1494 1160 τούπί-

104 1203 138 1234 15
163 1203 336 1239 γραμμα.
408 1187 486 1238 ἐγὼ
528 1185 561 1226 δ’
603 1186 771 1238 ἡγοῦμαι
813 1189 951 1226 τοῦτον
994 1189 1063 1227 τὸν
1103 1187 1241 1238 λόγον,
1285 1184 1315 1226 ὦ
1358 1186 1496 1238 ἄνδρες

163 1253 377 1304 Ἀθηναῖοι,
407 1254 505 1293 κατὰ
531 1252 651 1294 πόλλ’
677 1253 912 1305 ἀσύμφορον
938 1252 1039 1294 εἶναι
1067 1259 1115 1310 τῇ
1142 1253 1256 1293 πόλει
1287 1252 1494 1305 λέγεσθαι,

162 1323 258 1372 πρὸς
288 1323 328 1361 δὲ
366 1320 428 1360 καὶ
460 1320 549 1361 οὐδὲ
583 1322 746 1361 δίκαιον.
819 1321 852 1361 εἰ
884 1321 956 1371 μὲν
986 1321 1061 1372 γὰρ
1089 1318 1273 1370 ἀναξίους
1306 1320 1409 1361 εἶναί
1437 1336 1496 1361 τις
1531 1332 1594 1368 113

162 1386 288 1439 φήσει
321 1388 525 1429 κάκείνους
558 1390 761 1439 τιμᾶσθαι,
793 1388 852 1429 τίς
883 1386 1006 1438 ἄξιος,
1038 1386 1198 1433 εἰπάτω,
1230 1388 1264 1427 εἰ
1292 1386 1391 1438 μήτε
1418 1390 1496 1428 τῶν

162 1453 363 1507 προτέρων
395 1455 531 1505 μηδεὶς
564 1453 661 1505 μήτε
694 1457 773 1495 τῶν
805 1453 996 1506 ὑστέρων·
1034 1455 1068 1494 εἶ
1100 1455 1142 1494 δὲ
1175 1453 1324 1505 μηδένα
1356 1452 1494 1506 φήσει,

103 1539 142 1561 20
161 1522 481 1575 συναχθεσθείην
510 1521 559 1562 ἂν
588 1522 715 1574 ἔγωγε
746 1527 794 1579 τῇ
819 1522 949 1568 πόλει,
977 1522 1011 1561 εἶ
1042 1520 1178 1572 μηδεὶς
1208 1522 1250 1562 ἐν
1275 1519 1419 1561 ἅπαντι
1443 1525 1497 1575 τῷ

161 1589 292 1644 χρόνῳ
325 1588 458 1642 γέγον’
491 1588 599 1639 ἄξιος
636 1588 678 1628 εὗ
714 1591 866 1629 παθεῖν.
940 1588 1002 1628 καὶ
1036 1587 1114 1639 μὴν
1151 1589 1188 1628 εἴ
1220 1587 1257 1640 γ’
1290 1588 1497 1640 ὁμολογῶν

160 1656 334 1698 ἐκείνους
370 1655 470 1696 εἶναι
503 1655 741 1697 σπουδαίους
775 1654 828 1706 μὴ
861 1656 1127 1708 τετυχηκότας
1159 1653 1278 1706 δείξει
1313 1655 1493 1706 μηδενός,

4 1748 10 1782 ³1,
160 1725 229 1772 τῆς
261 1723 416 1765 πόλεως
447 1722 498 1765 ὡς
532 1723 752 1776 ἀχαρίστου
787 1720 912 1772 δήπου
946 1725 1167 1774 κατηγορεῖ.
1238 1721 1327 1762 ἔστι
1358 1720 1391 1762 δ’
1421 1721 1495 1775 οὐχ

161 1790 261 1829 οὕτω
290 1789 398 1830 ταῦτ’
428 1790 585 1843 ἔχοντα,
614 1788 693 1830 οὐδ’
718 1789 857 1841 ὀλίγου
887 1791 956 1829 δεῖ
995 1788 1088 1829 ἀλλ’
1114 1788 1274 1829 ἐπειδάν
1299 1805 1357 1830 τις
1387 1789 1497 1839 οἶμαι

101 1874 139 1905 25
160 1860 386 1909 κακουργῶν
412 1857 476 1897 ἐπὶ
500 1856 552 1908 μὴ
579 1855 833 1908 προσήκοντα
857 1855 1069 1908 πράγματα
1092 1855 1182 1898 τοὺς
1206 1856 1350 1908 λόγους
1373 1872 1492 1906 μετα-

4 1902 9 1917 μ

3 1950 9 1976 w
159 1923 276 1980 φέρῃ,
305 1927 512 1977 δυσχερεῖς
538 1922 688 1975 ἀνάγκη
715 1923 943 1975 φαίνεσθαι.
1016 1922 1067 1964 ὡς
1092 1924 1133 1963 δὲ
1157 1922 1329 1973 τάληθές
1353 1922 1387 1962 τ’
1408 1922 1493 1975 ἔχει
1527 1935 1591 1969 114

3 1989 5 2039 ᾖ
161 1991 223 2031 καὶ
243 1991 394 2032 δίκαιόν
415 1992 502 2031 ἐστι
521 1989 669 2043 λέγειν,
693 1990 771 2042 ἐγὼ
791 1990 887 2042 πρὸς
906 1990 1005 2041 ὑμᾶς
1024 1991 1111 2041 ἐρῶ.
1166 1988 1283 2040 ἦσαν,
1306 1987 1336 2029 ὦ
1355 1989 1493 2042 ἄνδρες

3 2073 4 2090 l

3 2097 4 2112 l

158 2056 375 2108 Ἀθηναῖοι,
396 2058 543 2098 πολλοὶ
567 2061 646 2098 τῶν
664 2057 856 2109 πρότερον
877 2060 1100 2103 σπουδαῖοι,
1124 2057 1186 2096 καὶ
1205 2057 1228 2107 ἡ
1249 2056 1366 2098 πόλις
1383 2056 1494 2107 ἡμῶν

205 2177 217 2196 1
252 2168 309 2199 τὸν
337 2177 400 2198 om.
428 2166 527 2197 vind.
556 2177 592 2197 1:
627 2166 692 2197 del.
718 2165 826 2196 Cobet
851 2165 926 2196 coll.
954 2176 1023 2196 xxv
1047 2175 1090 2204 32
1258 2175 1275 2204 7
1307 2165 1390 2205 μετὰ
1415 2170 1493 2204 post

156 2210 294 2251 μεγάλοι
312 2211 389 2241 add.
406 2210 505 2241 Blass
522 2210 682 2251 (servatis
698 2209 811 2240 verbis
826 2211 885 2247 τῆς
902 2209 1094 2250 ὀλιγαρχίας
1111 2233 1118 2240 .
1140 2234 1146 2241 .
1169 2234 1175 2240 .
1198 2209 1278 2249 εἰσί)
1296 2209 1371 2239 coll.
1392 2210 1407 2245 §
1429 2218 1492 2248 109

157 2255 241 2293 μετὰ
263 2257 329 2286 τῶν
353 2254 457 2293 νόμων
480 2259 514 2284 et
538 2254 649 2286 schol.
670 2263 702 2292 p.
722 2263 797 2292 507,
818 2263 837 2290 4
948 2254 1006 2290 τῆς
1032 2253 1224 2294 ὀλιγαρχίας
1242 2278 1248 2284 .
1268 2276 1274 2282 .
1293 2277 1301 2284 .
1320 2252 1384 2284 εἶσί
1407 2252 1487 2283 secl.

157 2297 422 2328 Westermann:
454 2300 512 2335 τῆς
541 2298 736 2339 ὀλιγαρχίας
763 2297 814 2328 καὶ
838 2297 1029 2329 δεσποτείας
1052 2296 1134 2328 secl.
1161 2296 1353 2332 Lambinus,
1384 2295 1418 2327 F.
1445 2295 1487 2326 A.

158 2339 257 2371 Wolf
431 2350 469 2379 14
495 2341 679 2382 ἐτύγχανον
697 2339 805 2370 LFX
978 2349 1018 2379 19
1042 2339 1204 2382 προτέρων
1233 2364 1242 2371 .
1271 2363 1279 2371 .
1311 2364 1317 2371 .
1348 2339 1490 2381 ὑστέρων

158 2383 266 2415 SAO
281 2384 306 2415 P
322 2396 329 2415 z
353 2384 508 2427 πρότερον
526 2409 533 2415 .
551 2408 558 2415 .
581 2408 587 2414 .
606 2385 742 2425 ὕστερον
760 2383 786 2414 L
803 2383 904 2423 vulg„
924 2383 965 2414 cs.
987 2386 1003 2421 ᾗ
1023 2393 1082 2422 114
1174 2394 1213 2422 24
1239 2385 1290 2416 δεῖ
1306 2383 1352 2415 H.
1370 2382 1489 2414 Wolf:

157 2430 223 2460 δεῖν
239 2428 336 2459 codd.
473 2429 514 2458 28
539 2427 701 2470 προτέρων
717 2426 818 2458 Vind.
840 2437 853 2457 1

1318 2482 1358 2512 3*
