1737 2734
142 158 213 213 xx]
532 160 694 198 ΠΡΟΣ
743 159 1080 197 ΑΕΠΤΙΝΙΙΝ
1507 157 1625 213 [506]

145 264 393 316 κεκτημένον.
466 263 573 308 ἀλλ’,
601 263 721 314 οἶμαι,
749 262 793 302 τὸ
817 262 969 313 μέλλον
995 261 1144 312 ἄδηλον
1172 264 1295 301 πᾶσιν
1319 261 1470 312 ἀνθρώ-

146 350 244 379 ποις,
268 333 330 372 καὶ
355 332 483 382 μικροὶ
502 331 626 382 καιροὶ
650 329 837 382 μεγάλων
857 328 1098 381 πραγμάτων
1118 330 1235 368 αἴτιοι
1254 329 1470 380 γίγνονται.

145 400 205 440 διὸ
230 402 291 440 δεῖ
318 398 538 450 μετριάζειν
569 399 611 437 ἐν
640 400 726 438 ταῖς
757 394 983 446 εὐπραξίαις
1014 395 1076 434 καὶ
1107 394 1403 446 προορωμένους
1427 394 1472 434 τὸ

146 467 298 517 μέλλον
323 467 552 517 φαίνεσθαι.
1505 492 1519 546 [
1550 503 1576 530 0
1609 491 1620 544 ]

110 553 126 583 5
217 534 359 573 Πολλὰ
390 531 422 571 δ’
454 531 502 571 ἄν
526 548 585 573 τις
618 531 704 584 ἔχοι
733 530 868 582 λέγειν
898 530 955 570 ἔτι
984 531 1046 570 καὶ
1076 528 1260 580 διεξιέναι
1290 528 1377 579 περὶ
1407 531 1474 567 τοῦ
1508 501 1572 597 1563

147 603 304 656 μηδαμῇ
339 601 436 649 μηδὲ
470 598 555 638 καθ’
590 597 631 637 ἓν
662 600 799 637 τοῦτον
830 597 938 650 ἔχειν
971 600 1101 637 καλῶς
1130 597 1198 637 τὸν
1230 597 1351 646 νόμον
1373 596 1473 645 μηδὲ

149 665 369 718 συμφέρειν
392 667 498 716 ὑμῖν·
535 664 626 705 ἀλλ’
657 664 705 704 ἵν’
739 665 780 704 ἐν
811 664 1013 718 κεφαλαίῳ
1043 667 1159 703 τοῦτο
1187 662 1336 714 μάθητε
1367 662 1474 713 κάγὼ

149 733 361 783 παύσωμαι
378 731 521 784 λέγων,
542 731 634 772 τάδε
651 730 858 781 ποιήσατε·
897 729 1109 782 σκέψασθε
1128 729 1216 780 παρ’
1232 730 1392 778 ἄλληλα
1412 728 1475 768 καὶ

148 801 373 852 λογίσασθε
404 799 500 850 πρὸς
531 799 630 849 ὑμᾶς
660 798 799 839 αὐτοὺς
827 798 870 838 τί
899 796 1155 848 συμβήσεται
1185 800 1472 848 καταψηφισα-

94 885 130 907 ιο
149 867 280 918 μένοις
308 867 400 917 ὑμῖν
429 869 497 906 τοῦ
531 866 651 916 νόμου
682 865 744 904 καὶ
773 866 814 905 τί
839 862 906 914 μή·
950 864 1034 904 εἶτα
1066 862 1287 915 φυλάττετε
1318 863 1380 902 καὶ
1405 861 1474 913 μέ-

149 933 295 985 μνησθ’
315 934 364 973 ἂν
382 933 473 983 ὑμῖν
492 931 538 982 ἐξ
555 930 738 983 ἑκατέρου
759 936 879 987 φανῇ,
898 929 947 971 ἵν’
968 931 1116 980 ἕλησθε
1135 932 1183 970 τὰ
1202 929 1375 981 κρείττω.
1427 928 1476 968 ἂν
1511 935 1575 977 164

149 1003 223 1051 μὲν
245 1001 376 1041 τοίνυν
403 999 758 1051 καταψηφίσησθε,
786 999 922 1050 ὥσπερ
949 997 1062 1048 ἡμεῖς
1092 997 1314 1047 κελεύομεν,
1342 997 1378 1036 οἱ
1403 997 1476 1046 μὲν

151 1067 255 1118 ἄξιοι
278 1066 368 1117 παρ’
385 1067 491 1117 ὑμῶν
516 1067 564 1106 τὰ
589 1065 703 1106 δίκαι’
722 1064 895 1116 ἕξουσιν,
918 1065 951 1105 εἰ
977 1063 1020 1104 δέ
1043 1081 1101 1106 τις
1121 1063 1205 1104 ἔστ’
1231 1062 1402 1114 ἀνάξιος,
1425 1061 1477 1104 ὡς

151 1135 269 1180 ἔστω,
296 1133 394 1186 πρὸς
422 1137 475 1187 τῷ
504 1132 576 1182 τὴν
602 1133 766 1184 δωρειὰν
797 1133 1061 1184 ἀφαιρεθῆναι
1089 1132 1199 1181 δίκην
1231 1129 1280 1180 ἣν
1310 1129 1358 1171 ἂν
1387 1130 1476 1180 ὑμῖν

94 1218 131 1251 15
151 1204 247 1258 δοκῇ
271 1200 394 1241 δώσει
418 1201 516 1240 κατὰ
540 1199 609 1240 τὸν
638 1198 1047 1250 παρεισενηνεγμένον
1072 1198 1206 1248 νόμον·
1242 1197 1265 1248 ἡ
1292 1199 1334 1237 δὲ
1358 1196 1477 1237 πόλις

151 1266 288 1318 πιστή,
315 1267 457 1313 δικαία,
486 1266 583 1318 πρὸς
614 1265 790 1307 ἅπαντας
825 1264 1002 1318 ἀψευδὴς
1033 1263 1271 1317 φανήσεται.
1344 1265 1414 1304 ἐὰν
1443 1262 1477 1303 δ’

152 1335 489 1387 ἀποψηφίσησθε,
519 1333 539 1373 ὃ
572 1333 623 1384 μὴ
657 1331 881 1383 ποιήσαιτε,
913 1334 949 1372 οἱ
978 1333 1051 1382 μὲν
1081 1331 1253 1384 χρηστοὶ
1289 1332 1352 1371 διὰ
1387 1329 1478 1372 τοὺς

153 1401 331 1453 φαύλους
356 1399 626 1450 ἀδικήσονται,
654 1401 690 1440 οἱ
716 1399 748 1438 δ’
775 1397 928 1449 ἀνάξιοι
954 1401 1164 1451 συμφορᾶς
1190 1397 1338 1450 ἑτέροις
1362 1398 1479 1438 αἴτιοι

153 1466 403 1520 γενήσονται,
421 1467 531 1517 δίκην
552 1466 583 1507 δ’
603 1466 683 1506 οὐδ’
704 1466 883 1516 ἡντινοῦν
900 1465 1008 1506 αὐτοὶ
1029 1465 1241 1510 δώσουσιν,
1259 1465 1282 1514 ἡ
1303 1467 1345 1505 δὲ
1363 1464 1480 1505 πόλις

94 1553 133 1574 20
152 1534 327 1576 τάναντί’
342 1535 398 1575 ὧν
415 1533 526 1575 εἶπον
546 1531 816 1585 ἀρτίως,δόξει
832 1532 1010 1578 ἄπιστος,
1022 1531 1356 1584 φθονερά,φαύλη
1375 1531 1480 1582 παρὰ

154 1604 277 1642 πᾶσιν
303 1601 416 1642 εἶναι.
487 1600 626 1641 οὔκουν
655 1598 778 1650 ἄξιον,
811 1597 841 1639 ὦ
867 1599 1004 1650 ἄνδρες
1033 1598 1249 1649 Ἀθηναῖοι,
1281 1599 1480 1647 τοσαύτην
1513 1604 1577 1650 165

153 1669 424 1721 βλασφημίαν
463 1667 549 1707 ἀντὶ
589 1670 719 1707 καλῶν
760 1666 822 1706 καὶ
871 1666 1154 1718 προσηκόντων
1192 1666 1283 1716 ὑμῖν
1321 1666 1479 1716 ἀγαθῶν

155 1734 332 1776 ἑλέσθαι.
394 1735 455 1775 καὶ
479 1736 554 1786 γὰρ
575 1734 740 1774 ἕκαστος
760 1734 867 1783 ὑμῶν
892 1734 970 1786 ἰδίᾳ
994 1732 1150 1783 μεθέξει
1174 1734 1242 1781 τῆς
1262 1729 1378 1781 δόξης
1403 1734 1480 1770 τῶν

156 1807 265 1858 κοινῇ
294 1800 569 1853 γνωσθέντων.
642 1799 686 1840 οὐ
719 1801 794 1852 γὰρ
824 1800 963 1851 ἀγνοεῖ
992 1799 1094 1839 τοῦτ’
1129 1799 1256 1840 οὐδεὶς
1284 1798 1374 1838 οὔτε
1402 1801 1480 1837 τῶν

96 1885 134 1910 ετ,
156 1868 472 1920 περιεστηκότων
501 1867 591 1908 οὔτε
620 1870 698 1906 τῶν
723 1866 873 1912 ἄλλων,
902 1867 961 1906 ὅτι
991 1868 1034 1906 ἐν
1063 1868 1134 1917 μὲν
1164 1869 1216 1920 τῷ
1242 1864 1479 1917 δικαστηρίῳ

155 1936 351 1985 Λεπτίνης
383 1934 479 1986 πρὸς
508 1934 609 1984 ἡμᾶς
640 1933 884 1985 ἀγωνίζεται,
919 1933 961 1972 ἐν
991 1934 1033 1972 δὲ
1065 1938 1113 1989 τῇ
1142 1935 1219 1972 τῶν
1252 1930 1480 1981 καθημένων

155 2002 262 2052 ὑμῶν
292 2001 379 2042 ἑνὸς
409 2000 578 2041 ἑκάστου
612 2000 745 2055 γνώμῃ
784 2000 1067 2051 φιλανθρωπία
1102 1999 1198 2050 πρὸς
1232 1999 1384 2049 φθόνον
1418 1997 1482 2037 καὶ

156 2069 381 2118 δικαιοσύνη
403 2067 500 2119 πρὸς
526 2068 663 2107 κακίαν
690 2067 752 2106 καὶ
778 2065 906 2106 πάντα
926 2068 972 2105 τὰ
998 2066 1155 2118 χρηστὰ
1176 2064 1270 2116 πρὸς
1295 2066 1342 2103 τὰ
1363 2080 1481 2114 πονη-

155 2135 285 2185 ρότατ’
304 2134 585 2175 ἀντιτάττεται.
656 2134 711 2173 ὧν
736 2136 818 2174 τοῖς
837 2133 1025 2183 βελτίοσι
1051 2132 1276 2181 πειθόμενοι
1296 2130 1358 2170 καὶ
1385 2131 1480 2169 κατὰ
1516 2134 1580 2169 166

95 2214 135 2244 30
155 2200 263 2241 ταῦθ’
288 2201 379 2251 ἡμῖν
404 2200 561 2250 θέμενοι
589 2199 661 2249 τὴν
690 2201 844 2251 ψῆφον,
882 2200 997 2239 αὐτοί
1027 2199 1060 2238 θ’
1086 2199 1110 2238 ἃ
1136 2197 1330 2249 προσήκει
1355 2196 1480 2247 δόξετ’
1512 2195 1627 2251 [508]

198 2320 219 2348 9
241 2311 274 2341 τί
289 2324 326 2341 τε
345 2309 412 2339 FX
513 2308 805 2349 κατεψηφισμένοις
824 2308 847 2338 F
997 2309 1033 2337 16
1057 2308 1198 2339 ἅπαντας
1216 2307 1303 2346 vulg.
1321 2318 1327 2336 :
1354 2306 1481 2339 ἅπαντα

156 2353 179 2383 S
195 2353 230 2383 L¹
243 2353 315 2383 ΥΟ
330 2353 365 2392 P,
384 2352 424 2383 cf.
447 2355 461 2390 ξ
482 2362 522 2391 25
680 2361 717 2390 17
743 2352 913 2388 ποιήσαιτε
932 2349 970 2381 Sl
988 2350 1078 2390 vulg.
1097 2351 1152 2388 (cs.
1172 2351 1275 2381 schol.
1294 2361 1324 2389 p.
1344 2360 1417 2389 529,
1441 2359 1477 2379 11

155 2396 331 2435 ἀπεύχεται
346 2395 497 2437 ’γενέσθαι
514 2397 552 2427 τὸ
569 2397 706 2436 φαῦλον)
723 2406 730 2425 z
754 2394 913 2432 ποιήσητε
932 2394 958 2424 L
970 2394 999 2424 A
1121 2395 1159 2424 18
1183 2394 1430 2432 ἁδικηθήσονται
1448 2392 1479 2423 Α

154 2440 196 2468 28
219 2439 422 2479 πονηρότατα
439 2438 462 2469 S
474 2439 504 2468 A
521 2450 527 2468 :
550 2439 671 2480 πονηρὰ
691 2437 715 2467 L
731 2437 820 2477 vulg.

197 2501 369 2521 DEMOSTH.
378 2516 384 2525 ,
402 2502 478 2523 vot„
500 2503 535 2523 11.
1332 2494 1349 2524 4
