1737 2734
190 1656 236 1688 4ο

663 135 1182 190 [ΔΗΜΟΣΘΕΝΟΥΣ]
1485 133 1585 188 [xxv

264 245 426 284 σώσασί
442 261 491 294 με
508 243 666 292 πολλὴν
686 243 814 296 χάριν·
852 243 1099 283 οὐδεπώποτε
1120 242 1153 281 δ’
1171 243 1282 282 οὐδὲν
1297 243 1441 292 ἀληθὲς
1456 242 1588 295 λέγων

265 310 426 362 ἐφάνης,
459 309 550 349 ἀλλ’
581 310 640 349 ἀεὶ
675 313 938 361 συκοφαντῶν
971 308 1158 361 ἠλέγχου.
1230 310 1299 348 ἐὰν
1327 308 1394 348 οὖν
1425 309 1587 361 ἀκύρους

264 378 352 418 τοὺς
388 376 529 426 νόμους
564 376 669 415 οὗτοι
704 375 942 425 ποιήσαντες
978 377 1119 426 ἀφῶσί
1154 392 1200 415 σε
1233 373 1413 426 τήμερον,
1448 379 1518 416 νῦν
1549 375 1587 426 μ’

265 442 505 494 ἐξελέγξεις;
542 442 630 492 περὶ
654 446 741 488 ro&
781 446 966 481 σκοπεῖτε
993 444 1066 493 γαρ
1092 442 1249 481 οὑτωσί.
1317 441 1377 480 δύ’
1402 442 1467 491 ἔτη
1494 442 1586 491 βιά-

267 509 370 557 ζεται
384 508 517 560 λέγειν
534 509 646 550 οὗτος
666 509 733 547 οὐκ
753 507 843 558 ἐξὸν
862 508 977 562 αὐτῷ,
996 509 1101 547 ἀλλὰ
1120 508 1232 559 λέγει
1250 507 1286 559 γ’
1301 509 1418 557 ὅμως.
1467 508 1588 548 ἔπειτ’
1608 526 1624 555 5

266 578 308 614 ἐν
327 576 477 616 τούτοις
501 578 568 614 τὸν
592 577 664 624 μὲν
684 576 934 626 ταλαίπωρον
955 576 1138 624 Φωκίδην
1163 575 1224 614 καὶ
1244 574 1311 614 τὸν
1337 574 1589 627 χαλκοτύπον

265 645 332 681 τὸν
359 643 399 681 ἐκ
421 645 615 692 Πειραιῶς
642 641 704 680 καὶ
727 642 795 680 τὸν
816 642 1082 692 σκυλόδεψον,
1107 642 1168 680 καὶ
1191 642 1299 680 ὅσων
1316 640 1453 680 ἄλλων
1474 657 1585 690 κατη-

265 709 409 759 γόρηκε
427 707 516 759 παρ’
535 708 638 757 ὑμῖν,
661 707 728 746 εἶδ’
749 709 977 748 ἀδικοῦντας
1003 707 1072 756 τὴν
1093 708 1223 752 πόλιν,
1245 708 1312 757 ἐμὲ
1337 706 1369 746 δ’
1389 707 1459 760 οὐχ
1487 707 1588 758 ἑώρα

265 774 333 813 τὸν
379 773 508 826 ῥήτορ’
547 772 575 828 ᾧ
619 773 816 823 ἐπολέμει,
859 774 947 814 οὐδὲ
994 774 1062 813 τὸν
1100 777 1338 825 Λυκοῦργον,
1375 773 1464 813 οὐδὲ
1499 773 1589 814 τοὺς

264 842 424 886 ἄλλους,
463 841 551 891 περὶ
585 841 639 880 ὧν
675 840 811 879 αὐτίκα
847 840 891 889 δὴ
928 842 975 879 τὰ
1010 839 1128 880 πόλλ’
1164 841 1261 891 ἐρεῖ;
1300 840 1363 879 καὶ
1397 839 1475 890 μὴν
1507 839 1589 879 κατ’

265 907 454 959 ἀμφότερ’
477 906 585 955 ἄξιός
610 906 694 946 ἐστ’
714 906 980 952 ἀπολωλέναι,
1007 910 1120 946 τοῦτο
1144 906 1229 956 μέν,
1256 907 1293 946 εἴ
1315 923 1353 946 τι
1377 905 1461 945 καθ’
1481 905 1590 956 ἡμῶν

265 974 368 1027 ἔχων
395 974 561 1023 ἀδίκημα
587 973 782 1012 δεικνύναι
807 973 906 1023 ἡμᾶς
930 975 1001 1023 μὲν
1022 974 1144 1025 ἀφίει,
1173 973 1237 1013 ἐπὶ
1261 975 1304 1012 δὲ
1322 972 1411 1013 τοὺς
1436 972 1591 1014 ἰδιώτας

264 1041 487 1092 ἐπορεύετο,
522 1044 637 1079 τοῦτο
674 1039 728 1085 δέ,
763 1041 794 1079 εἰ
829 1042 951 1090 μηδὲν
984 1039 1088 1092 ἔχων
1122 1040 1236 1080 ἕνεκα
1270 1042 1338 1079 τοῦ
1370 1040 1587 1091 παρακρού-

266 1110 417 1146 σασθαι
446 1107 508 1146 καὶ
537 1107 752 1158 φενακίσαι
781 1107 879 1156 ὑμᾶς
907 1105 1013 1145 ταῦτ’
1038 1107 1128 1158 ἐρεῖ.
1203 1107 1235 1146 εἰ
1263 1106 1396 1146 τοίνυν
1423 1105 1499 1157 ἄρα
1528 1105 1591 1145 καὶ

266 1174 437 1214 τοιοῦτός
469 1173 527 1214 τίς
561 1174 671 1213 ἐστιν
703 1172 907 1223 ἄνθρωπος
940 1174 982 1212 ἐν
1016 1178 1064 1228 τῇ
1095 1173 1224 1219 πόλει,
1256 1173 1336 1213 οῖος
1371 1173 1412 1212 ἐκ
1443 1171 1590 1214 παντὸς

265 1241 409 1291 τρόπου
438 1240 506 1280 τὸν
537 1239 740 1291 κρινοῦντά
770 1256 857 1279 τινα
886 1237 962 1290 [καὶ
992 1235 1362 1291 συκοφαντήσοντα]
1390 1238 1530 1288 ζητεῖν,
1556 1239 1591 1279 εἰ

265 1310 306 1347 δὲ
332 1308 488 1347 δικαίως
513 1303 535 1355 ἢ
562 1307 702 1347 ἀδίκως
726 1308 848 1356 μηδὲν
868 1306 1105 1356 φροντίζειν,
1127 1305 1253 1345 οὐδέν’
1277 1305 1326 1344 ἂν
1343 1305 1461 1355 ἧττον
1487 1305 1590 1356 εὕροι

265 1372 462 1426 4χρήσιμον
488 1373 566 1413 ὄντ’
591 1370 613 1422 ἢ
640 1377 778 1412 τοῦτον
804 1374 937 1427 ἑαυτῷ.
1010 1374 1072 1412 διὰ
1101 1373 1156 1418 τί,·
1194 1373 1256 1411 ὅτι
1277 1372 1347 1411 τὸν
1373 1369 1588 1423 κατηγορή-

267 1457 389 1479 σοντα
412 1443 490 1480 τῶν
514 1439 650 1479 ἄλλων
671 1440 732 1478 καὶ
758 1439 908 1481 πάντας
933 1442 1137 1490 κρινοῦντα
1164 1438 1281 1478 αὐτὸν
1307 1437 1590 1490 ἀνεξέλεγκτον

266 1507 456 1560 ὑπάρχειν
481 1509 550 1552 δεῖ,
578 1507 642 1546 ἵνα
665 1506 718 1556 μὴ
745 1508 806 1545 διὰ
831 1505 902 1555 τὴν
927 1505 1065 1545 τούτου
1090 1506 1281 1556 πονηρίαν
1305 1505 1591 1557 ἀποφεύγωσιν

266 1576 420 1613 ἐκεῖνοι.
471 1573 609 1613 τούτου
625 1572 658 1612 δ’
675 1573 765 1613 οὔτε
780 1573 977 1613 πλειόνων
994 1573 1083 1612 οὔτε
1097 1571 1286 1622 μειζόνων
1303 1570 1591 1624 ἁμαρτημάτων

266 1640 391 1682 οὐδεὶς
416 1640 571 1690 μᾶλλόν
597 1641 684 1680 ἐστι
707 1639 854 1690 μεστὸς
875 1641 917 1678 ἐν
936 1645 983 1695 τῇ
1004 1639 1131 1678 πόλει.
1191 1639 1232 1678 τί
1253 1638 1321 1678 οὖν
1344 1638 1458 1680 οὗτός
1481 1639 1588 1683 ἐστι;

268 1707 369 1746 κύων
388 1706 432 1756 νὴ
456 1708 545 1751 Δία,
567 1707 672 1758 φασί
689 1723 802 1751 τινες,
823 1710 888 1745 τοῦ
908 1705 1042 1755 δήμου.
1099 1705 1295 1749 ποδαπός;
1334 1706 1414 1746 οἶος
1433 1704 1498 1744 οὓς
1519 1706 1592 1754 μὲν

267 1775 438 1813 αι’τιῖιται
453 1774 594 1814 λύκους
611 1773 710 1813 εἶναι
724 1773 777 1823 μὴ
794 1773 962 1817 διἰκνειν,
974 1773 996 1812 ἲι
1014 1772 1056 1812 δέ
1073 1778 1176 1824 φησι
1192 1771 1407 1823 φυλάττειν
1422 1770 1591 1823 πρόβατ’

267 1839 382 1881 αὐτὸς
408 1841 642 1880 κατεσθίειν.
712 1841 799 1879 τίνα
825 1841 900 1892 γὰρ
923 1844 1002 1879 τῶν
1032 1840 1208 1891 ῥητόρων
1241 1839 1353 1880 οὗτος
1386 1839 1595 1889 εἴργασταί
1614 1856 1647 1885 25

266 1923 304 1946 τι
328 1907 447 1947 κακὸν
471 1910 663 1947 τοσοῦτον
692 1907 828 1956 ἡλίκον
853 1906 943 1947 τοὺς
970 1906 1136 1951 ἰδιώτας,
1160 1906 1246 1957 περὶ
1273 1906 1326 1946 ὧν
1345 1905 1591 1957 ψηφίσματα

316 2026 328 2046 1
355 2017 555 2047 ουδεπώποτε
574 2018 607 2047 δε
627 2015 649 2045 S
668 2016 780 2045 Solus:
808 2016 847 2046 σὺ
866 2016 899 2046 δὲ
917 2017 1045 2046 πώποτε
1065 2014 1091 2046 δ’
1111 2015 1152 2044 F:
1179 2016 1218 2045 σὺ
1237 2014 1270 2046 δὲ
1288 2016 1417 2046 πώποτε
1436 2014 1464 2043 Y
1478 2014 1528 2044 O:
1553 2015 1593 2045 σὺ

267 2060 293 2091 δ’
313 2060 514 2090 οὐδεπώποτε
532 2059 582 2088 Αἱ
610 2072 649 2090 συ
666 2059 693 2090 δ’
711 2072 878 2090 ουπωποτε
897 2059 919 2088 S
938 2072 987 2099 γρ.
1132 2069 1150 2096 4
1176 2060 1245 2097 περὶ
1263 2061 1341 2095 ross,-
1359 2067 1423 2087 Om.
1445 2058 1496 2087 A:
1521 2059 1591 2096 περὶ

267 2103 392 2134 τούτων
409 2102 432 2132 S
451 2113 533 2132 corr.
556 2102 585 2131 Y
602 2116 652 2142 γρ.
675 2102 700 2132 F
714 2115 764 2142 γρ.
891 2112 929 2131 12
954 2102 1093 2139 ἀδίκημα
1110 2112 1174 2131 om.
1195 2101 1226 2130 A
1352 2103 1389 2131 16
1412 2115 1485 2132 τινα
1502 2100 1525 2130 S
1540 2101 1591 2130 Y:

268 2159 354 2178 τινας
373 2147 461 2185 vulg.
585 2148 634 2177 καὶ
654 2146 947 2184 συκοφαντήσοντα
964 2147 1042 2176 secl.
1067 2145 1283 2175 Herwcrdcn
1453 2145 1489 2174 18
1515 2145 1593 2175 ὄντα

268 2199 332 2219 0111.
353 2189 382 2218 A
397 2189 420 2218 F
553 2191 603 2220 διὰ
619 2190 671 2225 τί;
697 2200 760 2218 om.
783 2188 818 2218 Sl
997 2199 1038 2219 20
1063 2188 1272 2228 ἀποφύγωσιν
1290 2186 1338 2220 S¹.
1359 2198 1441 2218 corr.
1463 2189 1534 2218 ead.
1557 2192 1591 2216 ut

269 2233 401 2262 videtur
535 2243 575 2262 22
599 2232 647 2273 τί]
667 2234 714 2264 τίς
733 2233 804 2262 ΑΟ
951 2233 993 2262 26
1018 2232 1145 2271 ἡλίκον]
1165 2234 1242 2262 ὅσον
1258 2231 1287 2260 Α
1306 2243 1311 2261 :
1337 2232 1450 2268 ἡλίκον
1466 2232 1544 2262 ὅσον
1561 2230 1590 2259 Υ

269 2277 319 2307 οὓς
336 2276 481 2308 ’τούτους
493 2277 545 2308 οὓς
563 2275 586 2305 S
599 2286 667 2315 7p.‘
689 2278 901 2315 συκοφαντῶν
914 2275 1119 2315 περιέρχεται
1137 2281 1212 2312 post
1232 2276 1355 2306 ἰδιώτας
1371 2275 1447 2304 add.
1463 2274 1493 2304 A
1505 2273 1530 2303 F
1542 2273 1591 2304 O:

269 2329 332 2348 mn.
354 2318 376 2348 S
395 2319 435 2348 al.
528 2321 569 2350 τὰ
593 2320 785 2359 ψηφίσματα
801 2318 852 2347 Α;
885 2320 1035 2358 ψήφισμα
1053 2318 1076 2348 F
1089 2318 1118 2348 O
1132 2318 1154 2348 S
1172 2331 1222 2359 γρ.
1245 2317 1273 2348 Y
1290 2331 1340 2358 γρ.

1612 857 1649 878 10

1613 1523 1650 1543 20

1636 1865 1649 1875 .,
