1737 2734
155 169 264 222 [728]

222 280 265 322 89

151 734 264 787 [729]

222 818 267 851 90

221 1550 263 1585 91

223 1949 265 1981 οε».

720 167 1203 205 ΔΗΜΟΣΘΕΝΟὙΣ
1505 161 1617 216 [xxiv

720 271 750 284 tx>
783 270 797 284 Ἰ

297 271 500 323 ἐγγυητάς.
573 272 683 323 γνοίη
717 285 737 310 ο
777 288 824 311 αν
849 287 907 312 τις
933 272 1094 311 ἐκεῖθεν·
1133 270 1392 324 προσέγραψε
1426 273 1621 322 δημοσίαν

297 337 396 378 εἶναι
428 338 499 387 τὴν
535 338 674 378 οὐσίαν
709 337 779 386 τὴν
814 341 893 378 τῶν
928 338 1143 389 ἐγγυητῶν,
1182 337 1230 377 ἂν
1265 336 1317 387 μή
1355 354 1412 379 τις
1448 339 1619 394 ἐκτείσῃ·

297 408 363 444 τοῦ
396 407 435 444 δὲ
471 403 523 454 μὴ
559 403 883 453 καταστήσαντος
914 403 982 443 οὐκ
1016 403 1073 443 ἔνι
1106 402 1300 453 δήπουθεν
1332 403 1521 457 ὑπάρχειν
1555 406 1618 456 ἐγ-

297 470 453 522 γυητάς.
516 472 577 510 καὶ
597 474 679 511 τοῖς
698 472 769 520 μὲν
789 470 1006 521 προέδροις,
1029 471 1065 509 οἳ
1086 470 1375 521 κεκληρωμένοι
1395 471 1621 520 καθίζουσιν

297 537 343 587 ἐξ
372 538 491 587 ὑμῶν,
519 536 737 588 ἐπάναγκες
768 538 970 586 ἐποίησεν,
998 538 1093 576 ὅταν
1124 539 1289 593 καθιστῇ
1319 553 1389 582 τις,
1417 536 1618 589 δέχεσθαι·

297 607 378 644 τοῖς
403 603 435 643 δ’
461 604 640 643 ἀδικοῦσι
664 603 735 652 τὴν
762 604 879 642 πόλιν
906 603 1089 653 οὐδεμίαν
1119 603 1402 654 προσέγραψεν
1432 602 1618 655 ἀνάγκην,

297 669 388 709 ἀλλ’
414 670 549 721 ὥσπερ
574 669 794 722 εὐεργέταις
820 671 971 720 αἵρεσιν
997 669 1127 710 αὐτοῖς
1154 671 1297 710 ἔδωκεν
1323 670 1356 709 εἶ
1388 668 1463 723 χρὴ
1489 672 1622 710 δοῦναι

297 738 407 785 δίκην
436 733 455 785 ἣ
479 736 544 787 μή.

367 804 504 842 Καίτοι
523 806 604 845 πῶς
625 803 672 843 ἂν
699 804 1032 854 ἀσυμφορώτερος
1052 805 1140 854 ὑμῖν
1159 803 1298 843 τούτου
1321 802 1477 855 γένοιτο
1503 804 1622 853 νόμος

300 866 319 918 i)
347 869 479 909 κάκιον
513 871 635 922 ἔχων,-
674 869 716 911 δς
744 874 898 921 πρῶτον
927 872 998 919 μὲν
1024 870 1112 922 περὶ
1137 874 1214 910 τῶν
1240 871 1280 909 ἐκ
1305 874 1373 909 τοῦ
1398 876 1618 921 παρεληλυ-

298 936 411 977 θότος
437 937 581 989 χρόνον
607 936 817 988 κριθέντων
843 938 1001 976 ἐναντία
1025 940 1107 978 τοῖς
1132 936 1200 989 ὑφ’
1226 938 1332 986 ὑμῶν
1357 935 1621 988 ἐγνωσμένοις

298 1002 550 1053 προστάττει,
578 1003 759 1055 δεύτερον
792 1005 832 1043 δὲ
867 1003 955 1054 περὶ
988 1007 1065 1043 τῶν
1097 1004 1329 1053 μελλόντων
1363 1001 1622 1054 κριθήσεσθαι

299 1071 521 1120 προστιμᾶν
547 1069 719 1109 κελεύων
748 1069 837 1110 τοὺς
871 1071 1058 1111 δικαστὰς
1087 1070 1175 1111 τοὺς
1205 1070 1472 1119 ὀμωμοκότας,
1501 1069 1622 1120 ἄκυρα

296 1138 344 1175 τὰ
383 1135 687 1187 προστιμήματα
725 1139 841 1181 ποιεῖ,
882 1136 977 1187 πρὸς
1020 1139 1059 1176 δὲ
1097 1137 1249 1177 τούτοις
1290 1136 1490 1186 ἐπιτίμους
1531 1136 1621 1177 τοὺς

296 1203 534 1253 ὀφείλοντας
567 1203 611 1242 οὐ
643 1204 690 1241 τὰ
723 1201 959 1254 προσήκοντ’
986 1204 1208 1244 ἐκτίνοντας
1241 1204 1491 1253 καθίστησιν,
1518 1203 1621 1244 ὅλως

297 1269 329 1308 δ’
348 1270 589 1309 ἐπιδείκνυσι
608 1269 734 1319 μάτην
755 1269 961 1319 ὀμνύντας,
983 1273 1189 1319 τιμῶντας,
1208 1267 1446 1319 δικάζοντας,
1467 1269 1618 1320 ὀργιζο-

297 1336 449 1384 μένους,
477 1335 633 1375 ἅπαντα
658 1340 865 1377 ποιοῦντας
890 1337 1002 1385 ὑμᾶς.
1074 1337 1151 1387 ἐγὼ
1183 1338 1256 1386 μὲν
1284 1335 1373 1388 γάρ,
1403 1336 1435 1375 εἰ
1460 1337 1621 1386 Κριτίας

298 1404 318 1441 ὁ
338 1403 550 1453 γενόμενος
569 1406 647 1442 τῶν
663 1401 858 1453 τριάκοντ’
875 1402 1084 1454 εἰσέφερεν
1102 1405 1170 1442 τὸν
1189 1403 1321 1452 νόμον,
1341 1401 1407 1441 οὐκ
1427 1402 1475 1442 ἂν
1495 1401 1622 1441 ἄλλον

297 1470 443 1520 τρόπον
468 1468 575 1519 οἶμαι
600 1468 799 1521 γράψαντ’
825 1470 1066 1521 εἰσενεγκεῖν
1091 1466 1113 1518 ἢ
1138 1473 1287 1509 τοῦτον.

358 1535 453 1575 ’Ότι
472 1537 604 1576 τοίνυν
624 1536 722 1585 ὅλην
739 1539 885 1588 συγχεῖ
897 1535 968 1585 τὴν
984 1537 1188 1576 πολιτείαν
1209 1535 1270 1575 καὶ
1291 1536 1475 1575 καταλύει
1494 1534 1622 1575 πάντα

298 1604 344 1640 τὰ
378 1601 575 1654 πράγμαθ’
601 1603 621 1640 ὁ
655 1603 785 1652 νόμος,
822 1603 884 1642 καὶ
916 1604 1072 1644 πολλὰς
1106 1604 1333 1654 φιλοτιμίας
1366 1605 1622 1654 περιαιρεῖται

297 1671 365 1718 τῆς
408 1669 573 1714 πόλεως,
615 1669 677 1708 καὶ
714 1672 828 1708 τοῦτο
864 1669 1007 1722 ῥᾳδίως
1043 1670 1141 1719 ὑμᾶς
1178 1669 1320 1719 νομίζω
1358 1667 1620 1718 μαθήσεσθαι.

300 1737 386 1775 ἴστε
419 1737 493 1786 γὰρ
525 1734 648 1784 δήπου
676 1735 781 1775 τοῦθ’
814 1735 873 1775 ὅτι
907 1733 1073 1789 σῴζεται
1105 1735 1299 1776 πολλάκις
1324 1735 1431 1785 ἡμῶν
1456 1735 1478 1785 ἡ
1505 1736 1622 1776 πόλις

298 1804 361 1842 διὰ
385 1803 453 1842 τὰς
479 1803 687 1853 στρατείας
708 1803 769 1841 καὶ
789 1803 857 1842 τὰς
877 1803 1058 1843 ναυτικὰς
1079 1802 1140 1842 καὶ
1164 1804 1233 1842 τὰς
1254 1801 1383 1851 πεζάς,
1407 1802 1468 1841 καὶ
1488 1802 1621 1841 πολλὰ

300 1869 362 1908 καὶ
399 1870 501 1908 καλὰ
538 1868 733 1909 πολλάκις
770 1868 841 1917 ἤδη
880 1868 1146 1919 διεπράξασθε
1181 1868 1241 1908 καὶ
1276 1868 1482 1909 σώσαντές
1513 1884 1621 1908 τινας

299 1936 361 1975 καὶ
386 1934 701 1986 τιμωρησάμενοι
730 1936 790 1974 καὶ
823 1934 1122 1984 διαλλάξαντες.
1195 1939 1276 1976 πῶς
1305 1935 1373 1975 οὖν
1399 1934 1549 1986 ἀνάγκη
1575 1936 1622 1973 τὰ

298 2005 457 2042 τοιαῦτα
481 2004 641 2041 διοικεῖν
665 2003 795 2047 ἐστιν;
832 2003 893 2040 διὰ
913 2001 1189 2053 ψηφισμάτων
1209 2002 1270 2041 καὶ
1290 2002 1420 2051 νόμων
1444 2005 1526 2042 τοῖς
1549 2003 1621 2050 μὲν

298 2067 501 2119 εἰσφέρειν
541 2068 834 2113 ἐπιτάττοντας,
876 2068 964 2109 τοὺς
1007 2071 1047 2108 δὲ
1089 2072 1338 2121 τριηραρχεῖν
1377 2067 1619 2111 κελεύοντας,

298 2135 386 2177 τοὺς
421 2137 460 2175 δὲ
495 2138 623 2179 πλεῖν,
651 2135 740 2175 τοὺς
770 2135 800 2174 δ’
826 2136 974 2174 ἕκαστα
1000 2138 1127 2174 ποιεῖν
1157 2136 1211 2174 ὧν
1241 2138 1308 2175 δεῖ.
1348 2135 1487 2174 οὐκοῦν
1512 2132 1620 2173 ταῦθ’

298 2203 402 2243 ὅπως
442 2203 625 2253 γίγνηται
668 2200 899 2252 δικαστήρια
940 2205 1135 2252 πληροῦτε
1174 2203 1235 2241 καὶ
1280 2200 1649 2252 καταγιγνώσκετε,

298 2271 444 2319 δεσμὸν
481 2272 557 2308 τῶν
595 2268 887 2317 ἀκοσμούντων.
960 2268 1172 2319 σκέψασθε
1209 2267 1254 2317 δὴ
1291 2267 1359 2307 τὸν
1395 2270 1462 2306 τοῦ
1502 2269 1622 2305 καλοῦ

339 2389 356 2417 7
382 2379 518 2410 δέδωκεν
535 2377 564 2406 Λ
711 2387 749 2415 24
776 2377 929 2418 στρατιὰς
946 2376 975 2406 Α
991 2377 1013 2406 F
1026 2377 1054 2407 Υ
1068 2377 1098 2408 O
1197 2376 1324 2416 πεζικὰς
1343 2376 1371 2406 Α
1517 2377 1557 2405 26
1582 2377 1622 2407 τὰ

295 2423 441 2459 τοιαῦταῑ
460 2423 561 2452 ταῦτα
580 2420 608 2449 Α
723 2432 761 2459 27
788 2426 864 2459 post
883 2423 990 2452 ἐστιν
1004 2437 1018 2455 =,
1040 2431 1104 2450 non
1125 2426 1199 2459 post
1218 2421 1282 2453 οὖν,
1302 2419 1453 2450 distinxit
1473 2419 1618 2451 Dobree,

295 2467 516 2495 confirmante
535 2466 557 2493 S
692 2475 733 2503 30
758 2467 933 2505 πληροῦται
951 2465 980 2493 Α

1646 886 1682 908 10

1644 1218 1679 1251 15

1644 1551 1683 1573 20

1643 1884 1680 1915 25
