1737 2734
165 152 287 207 xxm]
481 153 611 194 KAT'
653 154 1172 193 ΑΡΙΣΤΟΚΡΑΤΟΎΣ
1525 152 1646 208 [689]

162 277 312 311 νηνται”
350 262 521 314 δημοσίᾳ
554 259 586 299 δ’
611 260 721 310 ὑμεῖς
747 259 771 299 ἃ
793 261 865 309 μὲν
890 260 1130 310 οἰκοδομεῖτε
1159 259 1222 298 καὶ
1249 259 1415 303 κονιᾶτε,
1444 257 1494 298 ὡς

160 329 279 380 μικρὰ
304 328 367 368 καὶ
391 329 583 380 γλίσχρα,
610 326 781 379 αἰσχύνη
809 325 955 378 λέγειν.
1017 324 1111 365 ἀλλ’
1130 324 1234 378 ἔχετ’
1262 325 1387 364 εἰπεῖν
1411 324 1433 363 ὅ
1457 340 1494 364 τι

162 400 273 451 κοινῇ
306 393 546 445 κτησάμενοι
580 393 855 444 καταλείψετε,
885 393 1020 444 ὥσπερ
1055 394 1197 432 ἐκεῖνοι
1222 391 1493 443 Χερρόνησον,

161 461 424 513 Ἀμφίπολιν,
460 459 580 510 δόξαν
612 460 739 511 ἔργων
773 463 923 504 καλῶν,·
969 458 1017 509 ἣν
1055 461 1091 498 οἱ
1128 461 1296 498 τοιοῦτοι
1333 461 1494 498 πολῖται

122 548 139 579 5
161 527 275 569 πάντ’
308 528 593 568 ἀναλίσκοντες
624 526 772 578 τρόπον
807 525 879 578 οὐχ
916 526 994 565 οἶοί
1024 525 1057 565 τ’
1088 526 1192 566 εἰσὶν
1225 525 1435 577 ἀφανίσαι,
1463 523 1492 565 ὦ

160 594 297 646 ἄνδρες
328 594 543 644 Ἀθηναῖοι.
616 593 787 634 εἰκότως·
837 593 927 632 τότε
963 594 1036 643 μὲν
1072 594 1148 645 γὰρ
1179 595 1232 646 τῷ
1267 592 1381 646 κυρίῳ
1415 595 1493 632 τῶν
1524 606 1593 640 209

160 662 298 713 φόρων
323 660 520 714 γενομένῳ
555 659 668 710 τάξαι
693 658 921 714 Ἀριστείδῃ
954 659 1042 699 οὐδὲ
1076 665 1146 713 μιᾷ
1179 661 1335 715 δραχμῇ
1367 660 1492 699 πλείω

159 729 208 767 τὰ
232 727 446 780 ὑπάρχοντ’
473 726 645 778 ἐγένετο,
672 727 779 766 ἀλλὰ
807 725 869 765 καὶ
894 724 1175 775 τελευτήσαντ’
1196 725 1315 766 αὐτὸν
1340 724 1492 778 ἔθαψεν
1524 724 1649 780 [690]

159 794 182 844 ἡ
225 795 354 836 πόλις·
404 793 493 844 ὑμῖν
532 792 577 839 δ’,
619 794 655 833 εἴ
691 809 727 832 τι
769 792 939 838 δέοισθε,
979 791 1148 845 χρήμαθ’
1186 792 1340 845 ὑπῆρχε
1383 798 1492 848 κοινῇ

103 879 140 900 10
159 864 331 901 πλεῖστα
357 864 434 901 τῶν
459 859 618 901 πάντων
642 858 863 909 Ἑλλήνων,
894 858 991 898 ὥσθ’
1017 859 1169 899 ὁπόσου
1194 859 1340 912 χρόνου
1358 859 1489 911 ψηφί-

160 926 297 968 σαισθ’
331 926 488 977 ἐξιέναι,
517 926 708 966 τοσούτου
740 928 885 977 μισθὸν
911 925 1072 978 ἔχοντες
1098 924 1224 981 ἐξῇτε.
1296 928 1363 966 νῦν
1396 925 1430 965 δ’
1456 928 1492 966 οἱ

157 996 230 1045 μὲν
262 995 311 1034 τὰ
345 995 455 1034 κοινὰ
488 996 722 1034 διοικοῦντες
756 994 797 1032 ἐκ
835 996 1005 1045 πτωχῶν
1043 993 1202 1044 εὔποροι
1239 993 1301 1032 καὶ
1338 996 1492 1032 πολλοῦ

158 1061 304 1113 χρόνου
336 1060 491 1112 τροφὴν
526 1060 705 1112 ἄφθονόν
737 1060 841 1100 εἰσιν
875 1058 1174 1110 ἡτοιμασμένοι·
1213 1059 1303 1110 ὑμῖν
1336 1058 1369 1099 δ’
1402 1059 1490 1100 οὐδὲ

157 1129 248 1177 μιᾶς
283 1126 430 1179 ἡμέρας
467 1126 593 1179 ἐφόδι’
631 1126 743 1167 ἐστὶν
780 1127 822 1167 ἐν
858 1130 910 1180 τῷ
949 1129 1077 1180 κοινῷ,
1115 1125 1207 1166 ἀλλ’
1244 1125 1325 1176 ἅμα
1360 1129 1421 1166 δεῖ
1454 1143 1491 1166 τι

102 1214 137 1246 ¹5
159 1197 300 1240 ποιεῖν,
338 1194 400 1234 καὶ
436 1194 558 1234 πόθεν
594 1193 663 1233 οὐκ
697 1193 822 1246 ἔχετε.
892 1194 981 1233 τότε
1013 1195 1087 1243 μὲν
1120 1194 1195 1245 γὰρ
1231 1194 1252 1232 ὁ
1289 1195 1409 1243 δῆμος
1443 1192 1490 1243 ἦν

158 1262 354 1311 δεσπότης
390 1264 469 1301 τῶν
505 1259 833 1311 πολιτευομένων,
870 1263 937 1300 νῦν
970 1259 1002 1300 δ’
1030 1259 1237 1312 ὑπηρέτης.
1308 1261 1425 1299 αἴτιοι
1458 1258 1490 1298 δ’
1521 1273 1592 1301 210

158 1330 194 1368 οἱ
218 1329 267 1368 τὰ
295 1331 457 1368 τοιαῦτα
486 1326 721 1380 γράφοντες,
750 1326 813 1367 καὶ
842 1327 1115 1376 συνεθίζοντες
1147 1327 1246 1377 ὑμᾶς
1278 1327 1386 1377 ὑμῶν
1417 1329 1491 1377 μὲν

158 1395 287 1435 αὐτῶν
314 1398 590 1447 καταφρονεῖν,
614 1394 683 1434 ἕνα
704 1392 736 1434 δ’
755 1390 779 1443 ἢ
800 1393 868 1433 δύο
888 1393 1098 1443 θαυμάζειν
1117 1393 1359 1445 ἀνθρώπους.
1420 1392 1490 1433 εἶθ’

5 1478 7 1493 ¹
159 1461 265 1502 οὗτοι
299 1464 588 1513 κληρονομοῦσι
620 1462 689 1510 τῆς
725 1459 914 1512 ὑμετέρας
950 1458 1068 1510 δόξης
1103 1461 1167 1500 καὶ
1203 1464 1280 1500 τῶν
1317 1461 1488 1511 ἀγαθῶν,

101 1548 139 1569 20
158 1529 268 1579 ὑμεῖς
301 1527 333 1568 δ’
369 1527 447 1568 οὐδ’
483 1528 612 1567 ὁτιοῦν
648 1528 882 1572 ἀπολαύετε,
919 1527 1025 1567 ἀλλὰ
1059 1527 1250 1578 μάρτυρές
1287 1528 1378 1566 ἐστε
1413 1530 1491 1566 τῶν

159 1594 303 1647 ἑτέρων
339 1595 512 1647 ἀγαθῶν,
551 1592 708 1635 οὐδενὸς
744 1592 870 1633 ἄλλου
908 1593 1144 1646 μετέχοντες
1180 1590 1203 1643 ἢ
1239 1597 1307 1633 τοῦ
1342 1592 1487 1644 ἐξαπα,

159 1664 314 1702 τᾶσθαι.
387 1663 513 1702 καίτοι
550 1661 718 1711 πηλίκον
756 1662 797 1700 τί
825 1659 910 1700 ποτ’
944 1659 993 1700 ἂν
1024 1658 1259 1709 στενάξειαν
1288 1662 1324 1700 οἱ
1353 1659 1491 1711 ἄνδρες

160 1731 315 1775 ἐκεῖνοι,
351 1730 387 1768 οἱ
423 1729 519 1779 ὑπὲρ
557 1726 673 1777 δόξης
708 1728 770 1767 καὶ
807 1727 1032 1778 ἐλευθερίας
1068 1725 1391 1776 τελευτήσαντες,
1427 1727 1490 1766 καὶ

161 1799 324 1837 πολλῶν
351 1796 413 1835 καὶ
439 1797 570 1834 καλῶν
596 1793 721 1846 ἔργων
748 1793 1009 1844 ὑπομνήματα
1041 1794 1338 1839 καταλιπόντες,
1366 1795 1400 1833 εἰ
1428 1792 1489 1844 ἄρ’

103 1882 137 1911 25
161 1861 355 1904 αἴσθοινθ’
393 1862 454 1902 ὅτι
495 1864 565 1902 νῦν
597 1861 620 1910 ἡ
655 1861 771 1902 πόλις
802 1862 855 1902 εἰς
885 1859 1078 1911 ὑπηρέτου
1107 1863 1246 1912 σχῆμα
1283 1860 1345 1900 καὶ
1378 1859 1489 1909 τάξιν

160 1927 444 1982 προελήλυθεν,
481 1928 543 1968 καὶ
577 1928 804 1979 Χαρίδημον
836 1929 869 1968 εἰ
901 1927 976 1980 χρὴ
1011 1930 1198 1979 φρουρεῖν
1231 1927 1487 1977 βουλεύεται;

160 1998 407 2048 Χαρίδημον;
446 1997 562 2046 οἴμοι.

226 2062 341 2103 Ἀλλ’
367 2062 412 2102 οὐ
437 2061 541 2102 τοῦτ’
568 2063 656 2103 ἔστι
680 2062 724 2102 τὸ
751 2061 893 2108 δεινόν,
922 2063 955 2102 εἰ
984 2065 1062 2101 τῶν
1094 2061 1313 2113 προγόνων,
1341 2060 1377 2100 οἳ
1410 2062 1485 2100 διε·
1518 2072 1582 2098 211

206 2185 222 2213 7
260 2173 425 2215 ’γενομένῳ
458 2183 522 2203 om.
558 2170 597 2203 Sl
629 2171 721 2203 solus
876 2171 948 2204 οὐδὲ
980 2174 1036 2213 μιᾷ
1068 2170 1161 2201 Weil
1178 2182 1184 2202 :
1226 2172 1356 2211 οὐδεμιᾷ
1387 2169 1483 2199 codd.

164 2229 198 2248 11
227 2219 339 2259 ἐξιέναι
356 2217 436 2247 secl.
452 2215 562 2253 Bhass,
576 2216 652 2246 fort*
666 2221 758 2246 recte
860 2225 898 2246 12
925 2217 1006 2247 εἰσὶν
1024 2218 1148 2255 εὔποροι
1163 2214 1188 2245 F
1287 2223 1325 2252 13
1350 2212 1487 2252 ἄφθονόν

161 2264 244 2294 εἰσιν
260 2259 508 2300 ἡτοιμασμένοι]
527 2259 757 2299 ἡτοιμασμένοι
776 2260 913 2300 ἄφθονον
932 2259 957 2289 F
1119 2268 1157 2297 15
1182 2259 1238 2289 οὐκ
1253 2267 1318 2288 om.
1340 2255 1377 2287 51
1396 2255 1487 2286 solus

161 2306 238 2337 τότε
255 2305 314 2345 μὲν
329 2305 391 2345 γὰρ
408 2302 502 2344 κτλ.]
521 2303 561 2335 cf.
579 2303 612 2333 iii
629 2312 735 2341 30-31
920 2314 959 2343 19
984 2302 1142 2344 ὑμετέρων
1158 2307 1237 2331 ante
1257 2302 1384 2342 ἀγαθῶν
1406 2300 1483 2330 add.

160 2349 273 2388 vulg:
305 2358 370 2379 om.
395 2346 461 2377 SA
605 2356 646 2376 ρο
670 2347 758 2379 ἀλλὰ
782 2357 847 2379 om.
875 2345 912 2377 S1
937 2346 1030 2377 solus
1163 2355 1204 2376 22
1228 2345 1261 2376 τί
1284 2354 1349 2374 om.
1376 2343 1485 2382 vulg.:

161 2393 236 2423 add.
256 2392 280 2422 S
295 2391 323 2422 Y
336 2391 366 2422 Ο
496 2402 536 2430 24
563 2396 815 2424 καταλειποντες
833 2391 867 2431 S,
889 2391 931 2421 cs.
949 2390 1019 2420 xliv
1036 2400 1055 2420 2

1298 2444 1357 2475 14*
