1737 2734
131 847 168 868 10

131 1180 165 1209 15

188 123 302 175 xm]
525 127 684 164 RATA
731 126 1180 164 TIMOKPATOTE
1549 124 1663 179 [756]

187 231 546 281 Λακεδαιμονίους,’
586 233 797 283 “Χαβρίας
831 230 908 271 ἀπὸ
938 233 1008 281 τῆς
1044 232 1085 270 ἐν
1115 229 1236 284 Νάξῳ
1272 228 1519 282 ναυμαχίας·’

187 301 347 337 τοιαῦτα
372 300 448 349 γὰρ
474 297 520 347 ἧν
546 300 592 337 τὰ
618 302 695 338 τῶν
722 297 933 349 στεφάνων
962 296 1252 349 ἐπιγράμματα.
1303 299 1426 336 ταῦτα
1447 298 1519 346 μὲν
1553 299 1615 335 181

186 366 332 410 τοίνυν,
360 365 384 404 ἲι
409 362 628 416 [πρότερον]
656 365 780 414 ζῆλον
806 365 934 405 πολὺν
961 364 1045 416 εἶχε
1071 364 1134 403 καὶ
1155 364 1388 416 φιλοτιμίαν
1414 363 1517 413 ὑμῖν,

187 430 407 483 ἠφάνισται
428 430 739 483 καθαιρεθέντων
755 435 833 472 τῶν
855 430 1081 482 στεφάνων·
1116 432 1179 470 ἐπὶ
1198 433 1285 472 ταῖς
1301 429 1467 482 φιάλαις
1487 429 1520 468 δ’

187 498 232 540 ἃς
252 497 335 538 ἀντ’
351 498 510 538 ἐκείνων
531 497 736 548 ἐποιήσαθ’
752 499 843 548 ὑμῖν
865 498 884 536 ὁ
904 499 1047 550 πόρνος
1069 497 1192 542 οὗτος,
1213 500 1222 514 ‘
1238 496 1520 548 Ἀνδροτίωνος

188 564 522 615 ἐπιμελουμένου’
553 564 852 617 ἐπιγέγραπται,
887 565 948 604 καὶ
982 564 1026 604 οὗ
1060 563 1104 603 τὸ
1139 563 1238 613 σῶμ’
1267 563 1521 614 ἡταιρηκότος

189 631 257 671 οὐκ
287 633 407 671 ἐῶσιν
436 633 472 672 οἱ
503 632 614 682 νόμοι
647 633 701 673 εἷς
731 633 779 671 τὰ
812 630 881 682 ἱέρ’
913 630 1092 675 εἰσιέναι,
1125 630 1263 670 τούτου
1294 629 1450 680 τοῦνομ’
1479 631 1521 670 ἐν

188 701 271 740 τοῖς
297 699 414 749 ἱεροῖς
439 698 502 738 ἐπὶ
527 702 606 738 τῶν
627 702 784 750 φιαλῶν
811 697 1086 750 γεγραμμένον
1114 698 1238 737 ἐστίν.
1299 697 1434 748 ὅμοιόν
1459 713 1518 748 γε,

188 765 234 804 οὐ
263 763 358 816 γάρ;
396 768 509 804 τοῦτο
541 768 624 806 τοῖς
653 763 858 817 προτέροις
890 762 1202 816 ἐπιγράμμασιν,
1235 760 1258 813 ἦ
1288 764 1521 815 φιλοτιμίαν

189 833 282 880 ἴσην
306 831 402 883 ἕχον
426 832 529 881 ὑμῖν.
602 833 688 883 τρία
714 832 845 871 τοίνυν
871 833 913 870 ἐκ
939 831 1078 870 τούτου
1103 832 1151 870 τὰ
1176 829 1367 870 δεινότατ’
1393 829 1439 869 ἄν
1463 846 1521 870 τις
1556 831 1619 865 182

188 899 264 937 ἴδοι
288 897 532 949 πεπραγμέν’
559 898 702 939 αὐτοῖς.
774 898 845 947 τὴν
870 900 941 948 μὲν
967 899 1042 949 γὰρ
1068 896 1158 937 θεὸν
1183 897 1273 938 τοὺς
1299 895 1521 948 στεφάνους
1554 891 1662 946 [757]

189 963 478 1014 σεσυλήκασιν·
518 967 587 1014 τῆς
616 965 771 1006 πόλεως
802 967 843 1004 δὲ
868 964 937 1004 τὸν
965 965 1088 1014 ζῆλον
1114 963 1358 1015 ἠφανίκασιν
1383 962 1451 1003 τὸν
1479 964 1520 1002 ἐκ

187 1034 266 1070 τῶν
296 1031 434 1082 ἔργων,
465 1032 519 1071 ὧν
549 1031 744 1082 ὑπόμνημ’
777 1030 881 1081 ἦσαν
911 1033 1022 1071 ὄντες
1052 1033 1088 1070 οἱ
1121 1030 1330 1083 στέφανοι·
1368 1032 1457 1071 τοὺς
1486 1029 1520 1069 δ’

189 1097 403 1138 ἀναθέντας
435 1096 553 1147 δόξαν
584 1097 629 1137 οὐ
656 1099 798 1148 μικρὰν
829 1098 1065 1154 ἀφῄρηνται,
1093 1097 1137 1137 τὸ
1167 1100 1295 1137 δοκεῖν
1324 1098 1379 1137 ὧν
1408 1095 1456 1136 ἂν
1481 1096 1522 1136 εὗ

189 1163 343 1204 πάθωσ’
377 1163 531 1204 ἐθέλειν
563 1167 801 1215 μεμνῆσθαι.
877 1164 938 1204 καὶ
975 1167 1137 1203 τοιαῦτα
1175 1164 1237 1203 καὶ
1272 1167 1445 1203 τοσαῦτα
1478 1163 1522 1202 τὸ

188 1233 339 1281 πλῆθος
370 1230 453 1270 κάκ’
483 1231 739 1283 εἰργασμένοι
771 1232 825 1272 εἰς
851 1230 956 1270 τοῦτ’
984 1231 1247 1280 ἀναισθησίας
1282 1230 1345 1270 καὶ
1374 1231 1522 1280 τόλμης

187 1298 525 1349 προεληλύθασιν,
566 1298 664 1338 ὥσθ’
701 1299 722 1337 ὁ
762 1300 834 1348 μὲν
872 1299 994 1338 οἴεται
1034 1296 1082 1337 δι’
1119 1299 1269 1337 ἐκεῖνον
1309 1296 1378 1349 ὑφ’
1414 1298 1522 1347 ὑμῶν

189 1364 461 1415 σωθήσεσθαι,
507 1366 527 1403 ὁ
570 1368 610 1405 δὲ
654 1364 929 1416 παρακάθηται
974 1365 1037 1404 καὶ
1079 1364 1124 1404 οὐ
1167 1364 1399 1403 καταδύεται
1440 1366 1521 1404 τοῖς

188 1431 492 1484 πεπραγμένοις.
553 1433 652 1472 οὕτω
679 1432 712 1472 δ’
733 1432 776 1471 οὐ
801 1432 924 1482 μόνον
951 1433 1005 1473 εἰς
1030 1429 1199 1483 χρήματ’
1219 1429 1393 1480 ἀναιδής,
1416 1431 1522 1469 ἀλλὰ
1555 1432 1620 1474 183

189 1499 251 1538 καὶ
282 1500 420 1540 σκαιός
452 1501 576 1547 ἐστιν,
610 1498 707 1538 ὥστ’
733 1499 801 1539 οὐκ
832 1498 937 1538 οἶδεν
968 1499 1106 1544 ἐκεῖνο,
1135 1498 1195 1537 ὅτι
1225 1496 1421 1548 στέφανοι
1449 1495 1522 1547 μέν

188 1565 264 1605 εἰσ’
289 1567 429 1618 ἀρετῆς
456 1570 634 1617 σημεῖον,
664 1565 806 1617 φιάλαι
831 1568 873 1605 δὲ
900 1565 962 1605 καὶ
988 1566 1036 1604 τὰ
1060 1567 1219 1604 τοιαῦτα
1245 1564 1431 1609 πλούτου,
1461 1562 1522 1603 καὶ

189 1631 389 1685 στέφανος
413 1635 485 1683 μὲν
511 1632 625 1678 ἄπας,
655 1631 725 1672 κᾶν
751 1631 887 1684 μικρὸς
907 1630 941 1688 ᾖ,
964 1631 1035 1681 τὴν
1061 1632 1154 1681 ἴσην
1181 1631 1412 1683 φιλοτιμίαν
1438 1630 1522 1683 ἔχει

187 1703 241 1754 τῷ
262 1699 436 1753 μεγάλῳ,
459 1700 672 1750 ἐκπώματα
692 1698 724 1739 δ’
739 1696 762 1748 ἦ
783 1697 1017 1751 θυμιατήρια
1037 1694 1059 1747 ἢ
1082 1700 1130 1737 τὰ
1149 1701 1311 1737 τοιαῦτα
1331 1695 1518 1747 κτήματα,

189 1767 258 1806 ἐὰν
281 1769 353 1817 μὲν
379 1765 616 1822 ὑπερβάλλῃ
643 1769 695 1820 τῷ
722 1764 879 1815 πλήθει,
909 1766 1082 1805 πλούτου
1109 1766 1196 1804 τινὰ
1226 1763 1345 1814 δόξαν
1371 1780 1516 1816 προσε-

872 1835 887 1843 «x

129 1849 142 1869 2
186 1834 358 1884 τρίψατο
382 1837 464 1874 τοῖς
491 1832 753 1883 κεκτημένοις,
774 1834 843 1872 ἐὰν
870 1832 903 1871 0'
922 1832 985 1872 ἐπὶ
1010 1835 1162 1883 μικροῖς
1189 1830 1431 1881 σεμνύνηταί
1447 1846 1517 1876 τις,

230 1952 250 1980 3
274 1942 429 1983 πρότερον
452 1946 531 1972 ante
557 1941 655 1981 ζῆλον
681 1942 742 1972 SL
767 1942 808 1972 al.
828 1953 833 1971 ;
867 1948 942 1980 post
965 1940 1063 1980 ζῆλον
1089 1940 1135 1970 F:
1166 1950 1230 1971 om.
1252 1940 1321 1970 xxii
1349 1949 1407 1978 73:
1437 1940 1519 1971 secl.

187 1985 279 2015 Weil
442 1996 460 2023 4
486 1985 520 2017 δὲ
544 1991 618 2024 post
641 1985 769 2026 φιάλαις
792 1985 816 2015 F
836 1990 869 2015 et
892 1985 962 2014 xxii
982 1995 1020 2023 73
1043 1994 1187 2014 omnes:
1215 1988 1292 2022 post
1315 1985 1364 2015 ἐπὶ
1389 1983 1451 2013 SL
1472 1983 1515 2013 al.

186 2032 207 2059 6
233 2030 429 2067 ἐποιήθησαν
447 2034 523 2068 post
542 2029 791 2068 ἐπιμελουμένου
809 2028 886 2058 add.
899 2029 989 2067 vulg.
1007 2033 1039 2058 et
1059 2028 1129 2057 xxii
1150 2037 1189 2066 73
1208 2037 1348 2058 omnes:
1375 2036 1438 2057 om.
1456 2027 1479 2057 S
1493 2027 1518 2056 L

188 2073 249 2102 soli
342 2083 381 2102 10
396 2072 511 2103 τούτου
528 2072 551 2102 S
565 2072 588 2102 L
603 2072 627 2102 F
640 2072 669 2101 Y
682 2072 712 2102 O
727 2077 758 2102 et
776 2072 845 2101 xxii
865 2082 904 2110 74
921 2082 1061 2101 omnes:
1086 2070 1208 2102 τούτων
1225 2070 1267 2101 al.
1363 2081 1394 2100 11
1417 2080 1519 2109 supra

188 2116 332 2146 litteram
347 2129 363 2147 ν
377 2116 410 2145 in
423 2117 484 2153 ’τὴν
495 2121 529 2145 et
540 2117 611 2147 θεὸν
626 2115 726 2145 habet
741 2115 764 2145 S
776 2116 909 2153 signum
923 2115 1154 2145 adnotationis
1167 2114 1220 2144 cui
1234 2113 1317 2143 nihil
1333 2114 1518 2153 respondet

190 2159 222 2188 in
242 2160 392 2198 margine
506 2170 542 2188 12
567 2159 602 2190 δὲ
620 2164 695 2198 post
709 2159 834 2190 πόλεως
849 2159 936 2196 vulg.
955 2163 988 2188 et
1002 2158 1071 2188 xxii
1086 2167 1123 2194 74
1139 2168 1277 2187 ornnes:
1300 2162 1380 2188 ante
1392 2157 1517 2189 πόλεως

189 2202 213 2232 S
228 2201 266 2231 L1
285 2203 346 2233 soli
462 2212 498 2239 13
525 2202 694 2239 ὑπόμνημα
710 2202 763 2232 hic
782 2207 815 2231 et
834 2202 903 2231 xxii
923 2211 960 2240 74
981 2202 1004 2231 S
1018 2199 1078 2231 L¹:
1105 2200 1304 2239 ὑπομνήματ’
1322 2200 1353 2230 Α
1368 2200 1392 2230 F
1404 2200 1433 2230 Y
1446 2200 1476 2230 O
1492 2200 1518 2229 L

188 2255 272 2275 corr.
353 2246 444 2277 ὄντες
461 2256 525 2276 oin.
548 2246 572 2275 F
680 2247 718 2275 16
742 2245 823 2276 κακὰ
841 2245 1045 2286 εἰργασμένοι
1065 2245 1088 2274 S
1103 2244 1128 2273 L
1142 2244 1185 2275 F:
1213 2243 1417 2284 εἰργασμένοι
1435 2245 1516 2275 κακὰ

189 2288 218 2318 Y
232 2289 261 2319 O
278 2300 284 2319 :
310 2289 522 2330 ἐργασάμενοι
540 2289 621 2320 κακὰ
637 2288 668 2318 Α
768 2288 818 2327 ἅμ’
836 2289 1042 2326 ἀναισθησίας
1060 2288 1130 2317 xxii
1150 2297 1187 2326 74
1290 2286 1514 2327 ἀναισθησίας]

188 2333 418 2373 ἀναισχυντίας
438 2332 499 2362 FL
518 2342 634 2370 marg.‚
655 2331 695 2362 cf.
714 2332 784 2361 xxii
805 2342 844 2370 74
980 2335 1016 2368 βξ
1040 2332 1189 2369 183-186
1212 2330 1291 2362 secl.
1311 2330 1401 2360 Weil
1422 2335 1457 2360 ut
1474 2341 1517 2360 ex

189 2376 257 2405 xxii
284 2376 388 2414 75—78
412 2377 476 2405 huc
501 2376 592 2406 illata
766 2385 803 2404 21
841 2380 916 2414 post
941 2374 975 2406 δὲ
1000 2375 1075 2405 add.
1095 2376 1145 2406 καὶ
1172 2375 1345 2413 ἐκπώματα
1370 2374 1416 2404 F:
1449 2384 1512 2404 orn.

190 2419 213 2449 S
228 2419 254 2448 L
266 2418 297 2448 A
310 2419 339 2449 Y
352 2419 382 2449 O
401 2424 434 2449 et
452 2419 521 2448 xxii
541 2429 578 2458 75
596 2428 713 2449 omnes
803 2428 843 2457 25
868 2431 916 2450 τις
935 2418 1128 2458 σεμνύνηται
1148 2417 1173 2447 F
1189 2423 1222 2448 et
1240 2418 1309 2447 xxii
1329 2427 1368 2456 75
1386 2427 1503 2447 omnes
