1737 2734
113 542 130 572 ’.Π

94 874 130 895 10

88 1542 126 1563 20

157 153 274 202 xxlv]
499 154 656 191 ΚΑΤΑ
704 154 1152 192 ΤῙΜΟΚΡΑΤΟΎΣ

153 259 222 299 τὰς
248 257 323 298 ὑπὸ
347 261 424 297 τῶν
448 258 709 308 ὀμωμοκότων
729 258 896 310 γνώσεις
922 261 1002 299 τοῖς
1028 258 1242 308 ἀνωμότοις
1268 255 1486 309 προστάξει

152 325 282 370 λύειν;
321 325 399 376 ἐγὼ
423 326 496 375 μὲν
522 324 589 364 οὐκ
615 325 734 375 οἶμαι.
796 325 980 377 φαίνεται
1003 326 1134 365 τοίνυν
1160 325 1180 364 ὁ
1205 324 1343 364 τούτου
1366 324 1485 375 νόμος

152 390 257 431 ταῦτ’
277 391 382 444 ἔχων
402 391 620 443 ἀμφότερα.
680 391 775 431 ὥστ’
796 393 903 443 εἴπερ
923 392 1030 441 ὑμῶν
1050 390 1203 445 ἑκάστῳ
1227 389 1341 441 μέλει
1360 406 1397 430 τι
1415 393 1485 441 τῆς

152 458 355 499 πολιτείας
376 458 438 497 καὶ
458 461 539 498 δεῖν
558 460 680 498 οἴεται
707 459 841 509 κυρίαν
862 458 960 498 εἶναι
985 457 1057 507 τὴν
1077 459 1193 498 αὑτοῦ
1214 458 1374 509 γνώμην
1395 458 1482 509 περὶ

151 524 206 563 ὧν
230 522 278 564 ἂν
303 525 516 574 ὀμωμοκὼς
540 525 786 576 ψηφίσηται,
814 524 953 566 λυτέος
985 525 1047 564 καὶ
1072 524 1138 564 οὐκ
1165 524 1299 566 ἐατέος
1324 523 1437 566 οὗτος
1461 524 1482 563 ὁ

150 594 327 632 τοιοῦτος
353 592 472 641 νόμος
500 591 627 643 κύριος
653 592 736 632 νυνὶ
760 591 960 643 γενέσθαι.

218 658 278 697 Οὐ
302 658 434 698 τοίνυν
460 657 690 710 ἀπέχρησεν
716 658 816 712 αὐτῷ
845 659 894 697 τὰ
923 657 1141 711 δικαστήρι’
1166 658 1287 710 ἄκυρα
1317 660 1482 707 ποιῆσαι

151 727 227 763 τῶν
252 723 600 775 προστιμημάτων,
628 725 719 764 ἀλλ’
745 725 825 765 οὐδ’
850 726 874 765 δ.
897 725 1011 765 δίκαι’
1037 725 1197 776 ὡρίσατ’
1220 725 1334 766 αὐτὸς
1361 727 1402 765 ἐν
1428 729 1480 779 τῷ

150 791 255 844 νόμῳ
283 792 343 830 καὶ
370 790 591 842 προσέταξε
617 795 697 833 τοῖς
723 791 970 843 ὠφληκόσιν,
998 792 1086 832 οὐδὲ
1111 791 1219 831 ταῦθ’
1240 794 1374 833 ἁπλῶς
1400 791 1480 832 οὐδ’

150 857 302 898 ἀδόλως
328 856 553 908 φανήσεται
577 859 801 910 γεγραφώς,
829 858 920 898 ἀλλ’
947 858 997 899 ὡς
1026 857 1073 898 ἂν
1098 857 1275 909 μάλιστά
1299 875 1357 900 τις
1382 859 1481 909 ὑμᾶς

150 922 396 973 ἐξα-πατῆσαι
414 924 476 964 καὶ
494 926 848 976 παρακρούσασθαι
865 926 1122 975 βουλόμενος.
1177 924 1389 977 σκέψασθε
1405 927 1480 977 γὰρ

150 990 200 1031 ὡς
233 990 447 1042 γέγραφεν.
521 991 791 1043 ίΤιμοκράτης
820 991 929 1031 εἶπεν
946 991 954 1005 ’
981 991 1084 1043 φησὶ
1111 994 1120 1008 ‘
1141 992 1202 1031 καὶ
1232 992 1268 1031 εἴ
1296 1008 1372 1031 τινι
1401 995 1479 1032 τῶν

148 1057 394 1107 ὀφειλόντων
423 1061 476 1112 τῷ
506 1060 683 1113 δημοσίῳ
713 1060 1022 1110 προστετίμηται
1052 1060 1147 1098 κατὰ
1177 1059 1298 1108 νόμον
1326 1054 1349 1107 ἢ
1382 1060 1478 1098 κατὰ

147 1122 344 1175 ψήφισμα
364 1126 512 1171 δεσμοῦ
531 1121 554 1174 ἦ
575 1124 618 1164 τὸ
637 1125 780 1165 λοιπὸν
800 1128 1060 1181 προστιμηθῇ,
1082 1124 1182 1165 εἶναι
1200 1125 1302 1178 αὐτῷ
1322 1121 1345 1174 ἢ
1366 1125 1476 1179 ἄλλῳ

109 1208 123 1237 g
147 1190 243 1241 ὑπὲρ
273 1191 424 1231 ἐκείνου
455 1193 648 1243 ἐγγυητὰς
679 1194 940 1241 καταστῆσαι,
967 1192 1032 1233 οὓς
1061 1190 1110 1232 ἂν
1140 1192 1161 1230 ὁ
1190 1193 1311 1242 δῆμος
1343 1208 1473 1244 χειρο-

1516 154 1625 207 [725]

1513 672 1557 708 79

1511 1059 1624 1114 [726]

146 1255 310 1313 τονήσῃ,
339 1257 362 1308 ἦ
386 1257 463 1308 μὴν
490 1257 708 1298 ἐκτείσειν.’
780 1257 1002 1309 ἐνθυμεῖσθ’
1027 1258 1105 1298 ἀπὸ
1129 1262 1197 1298 τοῦ
1221 1260 1475 1310 δικαστηρίου
1507 1266 1552 1299 80

149 1323 210 1363 καὶ
246 1326 315 1374 τῆς
352 1324 639 1376 καταγνώσεως
675 1325 715 1364 οἶ
748 1323 998 1375 διεπήδησεν·
1037 1326 1101 1365 ἐπὶ
1136 1325 1204 1365 τὸν
1242 1326 1377 1375 δῆμον,
1413 1326 1475 1365 ἐκ·

149 1389 327 1431 κλέπτων
356 1391 424 1431 τὸν
453 1391 665 1442 ἠδικηκότα
700 1393 762 1432 καὶ
794 1391 865 1441 τὴν
893 1392 1114 1444 παράδοσιν
1147 1393 1265 1432 αὐτοῦ
1294 1391 1364 1441 τὴν
1394 1395 1476 1433 τοῖς

146 1457 296 1497 ἕνδεκα.
367 1458 424 1499 τίς
462 1460 538 1510 γὰρ
571 1458 673 1512 ἀρχὴ
707 1458 933 1510 παραδώσει
968 1458 1037 1499 τὸν
1069 1459 1268 1510 ὀφλόντα;
1306 1459 1365 1500 τίς
1397 1462 1475 1499 τῶν

146 1524 282 1563 ἕνδεκα
315 1523 616 1576 παραλήψεται;
656 1525 885 1566 κελεύοντος
919 1527 992 1576 μὲν
1029 1526 1167 1566 τούτου
1204 1527 1246 1565 ἐν
1279 1529 1331 1579 τῷ
1366 1524 1473 1579 δήμῳ

146 1589 379 1631 καθιστάναι
417 1591 506 1633 τοὺς
549 1591 756 1643 ἐγγυητάς,
797 1591 988 1632 ἀδυνάτου
1030 1592 1062 1632 δ’
1102 1594 1214 1634 ὄντος
1254 1591 1474 1645 αὐθημερὸν

145 1657 361 1707 ἐκκλησίαν
380 1658 460 1708 ἅμα
486 1658 548 1698 καὶ
574 1657 827 1710 δικαστήριον
845 1658 1048 1710 γενέσθαι,
1070 1659 1241 1709 οὐδαμοῦ
1263 1658 1296 1698 δ’
1316 1658 1471 1700 ἐπιτάτ-

142 1739 281 1766 τοντος
299 1724 516 1776 φυλάττειν
535 1723 632 1766 τέως
652 1724 700 1765 ἂν
721 1724 953 1782 καταστήσῃ
973 1726 1063 1767 τοὺς
1084 1724 1290 1777 ἐγγυητάς.
1349 1726 1473 1766 καίτοι
1504 1731 1546 1765 81

142 1790 182 1830 τί
203 1789 288 1831 ποτ’
313 1790 360 1841 ἦν
385 1790 435 1831 δι’
461 1790 481 1831 δ
506 1790 766 1843 προσγράψαι
792 1796 933 1843 σαφῶς
965 1793 1143 1842 ὤκνησεν
1171 1792 1263 1842 ίτὴν
1287 1792 1320 1833 δ’
1346 1791 1473 1845 ἀρχὴν

106 1874 119 1903 ζ
142 1855 209 1897 τὸν
234 1858 414 1908 ὀφλόντα
432 1857 648 1909 φυλάττειν
672 1857 769 1900 τέως
793 1858 841 1899 ἂν
867 1858 1098 1915 καταστήσῃ
1119 1859 1209 1901 τοὺς
1235 1858 1427 1912 ἐγγυητάς
1442 1859 1471 1905 ',·

142 1923 273 1975 πότερ’
297 1924 387 1977 οὐχὶ
416 1926 584 1971 δίκαιον;
624 1924 665 1964 εὖ
693 1925 764 1965 οἶδ’
790 1927 848 1965 ὅτι
873 1925 1018 1968 πάντες
1047 1925 1095 1966 ἂν
1121 1925 1307 1978 φήσαιτε.
1380 1924 1472 1965 ἀλλ’

142 1990 322 2031 ἐναντίον
356 1990 403 2041 ἦν
435 1991 511 2032 τινὶ
540 1994 655 2031 τοῦτο
687 1992 812 2046 νόμῳ;
851 1993 930 2041 οὔκ,
964 1994 1070 2033 ἀλλὰ
1101 1994 1222 2043 μόνον
1254 1994 1350 2032 κατὰ
1382 1992 1473 2033 τοὺς

142 2057 296 2107 νόμους.
356 2059 398 2098 τί
418 2057 506 2098 ποτ’
527 2058 595 2098 οὗν
620 2057 687 2107 ἧν,·
727 2059 840 2098 οὐδὲν
867 2059 914 2100 ἂν
939 2059 1043 2099 ἄλλο
1068 2077 1126 2101 τις
1153 2061 1256 2111 εὕροι
1280 2059 1386 2108 πλὴν
1412 2060 1472 2098 ὅτι

188 2175 201 2195 1
228 2167 286 2199 τὰς
304 2191 311 2196 -
332 2190 339 2197 .
361 2191 368 2197 .
387 2168 538 2208 γνώσεις]
566 2168 623 2200 τὰς
648 2170 712 2200 τῶν
737 2168 951 2209 ὀμωμοκότων
973 2171 1101 2210 γνώμας
1126 2170 1155 2200 Α
1170 2170 1195 2200 F
1216 2183 1281 2212 7p.‚
1301 2170 1342 2200 cs.
1362 2169 1468 2199 schol.

141 2220 171 2248 p.
194 2212 266 2248 764,
289 2220 300 2239 1
423 2221 443 2249 5
468 2210 559 2243 οὗτος
576 2221 640 2241 om.
660 2211 749 2251 vulg.
768 2223 774 2242 ε
799 2213 874 2243 add.
896 2213 919 2243 S
937 2214 1029 2244 solus
1148 2216 1169 2244 6
1191 2214 1341 2255 γενέσθαι
1358 2213 1447 2252 vulg.
1464 2224 1469 2243 ς

139 2253 284 2292 γίνεσθαι
303 2253 346 2284 S:
371 2257 568 2294 ’γεγενῆσθαι
586 2255 617 2284 Α
718 2264 757 2294 19
780 2259 844 2288 τῶν
862 2257 975 2289 ἕνδεκα
991 2257 1069 2288 secl.
1092 2257 1189 2288 Blass
1289 2267 1332 2287 20
1355 2256 1472 2288 τούτου

141 2296 164 2325 S
183 2307 189 2326 :
213 2297 292 2326 secl.
314 2297 412 2327 Blass
429 2309 435 2327 z
458 2300 516 2328 τοῦ
534 2298 630 2337 νόμου
646 2298 764 2330 τούτου
780 2299 868 2338 vulg.
891 2300 914 2330 S
930 2314 981 2341 γρ.
1148 2310 1188 2339 23
1213 2300 1307 2340 τέως]
1326 2301 1404 2332 τεὼς
1423 2299 1446 2330 5
1464 2310 1470 2328 :

140 2352 177 2371 τε
210 2339 266 2372 ἕως
297 2339 338 2379 A,
372 2341 412 2371 cf.
450 2343 488 2378 ἐξ
520 2342 572 2379 63,
605 2343 647 2379 64
823 2353 865 2382 25
903 2344 982 2376 τέως
1016 2343 1038 2373 S
1071 2352 1157 2373 corr.
1176 2354 1183 2373 z
1221 2345 1300 2375 τεὼς
1333 2341 1368 2372 S¹
1387 2354 1393 2372 :
1433 2356 1469 2375 τε

141 2383 198 2415 ἕως
214 2383 245 2413 Α

184 2448 367 2475 DEMOSTH.‚
386 2449 462 2469 VOL.
485 2449 519 2470 11.
1300 2444 1338 2473 16
