1737 2734
112 157 225 211 [505]
681 159 1168 198 ΔΗΜΟΣΘΕΝΟΎΣ
1519 157 1587 212 [xx

260 259 370 299 εἶναι.
444 259 512 300 εἶτ’
551 261 778 300 ἀποκτεῖναι
814 264 886 310 μὲν
924 263 1080 304 δικαίως
1112 264 1153 303 ἔν
1190 280 1235 314 γε
1271 267 1352 305 τοῖς
1382 264 1470 316 παρ’
1499 267 1589 316 ὑμῖν

259 326 392 376 νόμοις
420 326 590 376 ἐξέσται,
615 327 731 380 χάριν
750 327 782 366 δ’
809 329 988 368 ἀπαιτεῖν
1009 329 1097 368 οὕτε
1124 331 1279 371 δικαίως
1304 330 1384 369 οὔθ’
1405 331 1589 372 ὁπωσοῦν

163 409 227 445 159
259 394 321 432 διὰ
357 392 425 432 τὸν
458 393 595 432 τούτου
627 394 767 443 νόμον,·
809 397 1007 444 μηδαμῶς,
1044 393 1073 434 ὦ
1109 395 1246 446 ἄνδρες
1280 395 1494 446 Ἀθηναῖοι·
1534 399 1586 448 μὴ

257 459 461 508 βούλεσθε
481 462 609 499 δοκεῖν
628 461 751 500 πλείω
773 463 1014 510 πεποιῆσθαι
1036 461 1213 510 σπουδὴν
1233 464 1336 503 ὅπως
1355 464 1491 512 μηδενὶ
1509 469 1587 504 τῶν

258 525 298 564 εὖ
335 541 371 564 τι
408 525 625 566 ποιούντων
662 527 759 576 ὑμᾶς
797 526 912 580 χάριν
950 525 1109 576 ἐξέσται
1145 529 1385 578 κομίσασθαι
1423 527 1444 578 ἦ
1482 531 1623 580 ὄπως5

255 591 392 641 μηδεὶς
422 593 546 644 φόνος
578 594 619 632 ἐν
650 599 697 649 τῇ
728 594 843 634 πόλει
874 593 1098 645 γενήσεται·
1144 594 1234 634 ἀλλ’
1267 595 1586 645 ἀναμνησθέντες

256 662 332 697 τῶν
371 662 524 710 καιρῶν,
561 659 650 710 παρ’
689 660 753 700 οὓς
791 660 832 700 εὖ
870 661 1109 702 πεπονθότες
1148 661 1188 700 εὖ
1226 660 1464 711 πεποιήκατε
1496 663 1585 704 τοὺς

257 724 499 774 εὑρομένους,
530 727 591 766 καὶ
617 728 685 775 τῆς
712 726 982 777 Δημοφάντου
1008 726 1160 777 στήλης
1186 729 1272 778 περὶ
1298 727 1342 777 ἧς
1369 727 1454 768 εἶπε
1479 732 1581 780 Φορ-

105 794 223 849 [506]
255 792 366 841 μίων,
394 793 436 832 ἐν
460 790 485 847 ᾗ
511 791 730 844 γέγραπται
757 793 818 832 καὶ
844 794 1057 843 ὀμώμοται,
1080 794 1127 833 ἄν
1153 810 1210 835 τις
1236 794 1392 844 ἀμύνων
1417 812 1452 834 τι
1478 794 1584 851 πάθῃ

255 863 302 914 τῇ
318 859 570 912 δημοκρατίᾳ,
594 861 662 900 τὰς
682 859 801 901 αὐτὰς
822 860 965 900 δώσειν
982 862 1145 911 δωρειὰς
1161 859 1290 911 ἅσπερ
1309 859 1502 915 Ἁρμοδίῳ
1521 863 1583 902 καὶ
1605 881 1644 902 10

256 924 585 976 Ἀριστογείτονι,
617 928 959 978 καταψηφίσασθε
984 930 1052 966 τοῦ
1078 927 1210 977 νόμου.
1284 926 1329 966 οὐ
1354 929 1428 978 γὰρ
1453 927 1582 968 ἔνεστ’

255 991 440 1043 εὐορκεῖν,
469 993 502 1032 εἰ
526 992 579 1042 μὴ
605 996 721 1032 τοῦτο
747 992 946 1042 ποιήσετε.

157 1067 224 1102 160
323 1060 439 1110 Παρὰ
464 1058 592 1099 πάντα
621 1061 662 1100 δὲ
692 1059 797 1099 ταῦτ’
823 1060 937 1100 ἐκεῖν’
968 1059 1020 1099 ἔτ’
1050 1060 1246 1100 ἀκούσατέ
1269 1077 1355 1110 μου.
1427 1059 1494 1099 οὐκ
1523 1062 1582 1101 ἔνι

253 1128 391 1165 τοῦτον
417 1125 525 1179 ἔχειν
553 1130 680 1167 καλῶς
710 1126 778 1166 τὸν
805 1127 937 1176 νόμον,
966 1126 1008 1168 ὃς
1033 1128 1121 1179 περὶ
1145 1130 1223 1166 τῶν
1249 1127 1581 1178 παρεληλυθότων

254 1192 315 1231 καὶ
354 1195 431 1232 τῶν
469 1193 700 1242 μελλόντων
737 1194 858 1234 ταύτὸ,
894 1192 1018 1245 λέγει.
1093 1192 1256 1243 “μηδέν’
1292 1192 1415 1233 εῖναί’
1453 1198 1580 1244 φησιν
1603 1213 1639 1246 15

253 1261 262 1275 ‘
282 1259 403 1309 ἀτελῆ
430 1259 535 1309 πλὴν
560 1263 637 1299 τῶν
662 1259 732 1311 ἀφ’
759 1259 970 1311 Ἁρμοδίου
997 1261 1058 1300 καὶ
1083 1259 1451 1311 Ἀριστογείτονοςῖ
1511 1276 1576 1299 κα-

250 1329 342 1367 λῶς.
417 1328 539 1376 ’μηδὲ
570 1326 613 1365 τὸ
642 1325 784 1366 λοιπὸν
818 1325 962 1377 ἐξεῖναι
992 1326 1151 1366 δοῦναι.’
1220 1326 1309 1377 μηδ’
1339 1327 1387 1366 ἂν
1412 1328 1584 1366 τοιοῦτοί

249 1409 352 1433 τινες
378 1392 581 1444 γένωνται,
607 1395 800 1442 ,Χεπτίννῃ
841 1395 872 1433 εἰ
892 1395 939 1432 τὰ
960 1393 1033 1445 πρὸ
1052 1396 1120 1432 τοῦ
1148 1392 1411 1444 κατεμέμφου,
1432 1393 1488 1438 τί;
1525 1393 1577 1443 μὴ

153 1465 212 1500 161
250 1459 385 1498 καὶτὰ
409 1459 594 1509 μέλλοντ’
621 1459 746 1515 ᾔδεις;
798 1461 857 1500 ὅτι
889 1461 934 1509 νὴ
968 1461 1047 1500 Δία
1073 1460 1205 1510 πόρρω
1238 1462 1305 1499 τοῦ
1330 1476 1366 1499 τι
1398 1462 1577 1499 τοιοῦτον

249 1529 316 1565 νῦν
333 1527 506 1576 ἐλπίζειν
527 1527 662 1577 ἐσμέν.
704 1527 766 1566 καὶ
787 1527 920 1577 εἴημέν
941 1527 989 1578 γ’,
1012 1524 1040 1566 ὦ
1061 1526 1198 1578 ἄνδρες
1219 1526 1433 1576 Ἀθηναῖοι·
1471 1526 1577 1566 ἀλλὰ
1599 1545 1638 1568 20

247 1591 322 1644 χρή
350 1592 386 1644 γ’
413 1593 639 1644 ἀνθρώπους
665 1595 780 1634 ὄντας
811 1597 970 1633 τοιαῦτα
999 1593 1061 1632 καὶ
1090 1592 1225 1645 λέγειν
1256 1593 1318 1632 καὶ
1348 1595 1576 1642 νομοθετεῖν

247 1660 304 1700 οῖς
328 1659 462 1709 μηδεὶς
482 1660 529 1700 ἂν
551 1659 784 1710 νεμεσήσαι,
809 1662 871 1700 καὶ
894 1661 1045 1712 τάγαθὰ
1070 1662 1141 1709 μὲν
1168 1662 1392 1711 προσδοκᾶν
1414 1659 1474 1698 καὶ
1493 1663 1576 1700 τοῖς

246 1727 350 1767 θεοῖς
376 1727 565 1780 εὔχεσθαι
593 1727 752 1771 διδόναι,
781 1727 910 1767 πάντα
936 1726 968 1766 δ’
989 1726 1202 1777 ἀνθρώπιν’
1228 1726 1423 1778 ἡγεῖσθαι.
1487 1725 1575 1766 οὐδὲ

245 1794 320 1844 γὰρ
356 1792 404 1833 ἂν
441 1794 748 1844 Λακεδαιμόνιοί
779 1793 862 1834 ποτ’
895 1793 1070 1843 ἤλπισαν
1102 1795 1156 1834 εἰς
1189 1796 1347 1832 τοιαῦτα
1376 1792 1573 1844 πράγματ’

245 1858 475 1911 ἀφίξεσθαι,
503 1859 593 1900 οὐδέ
621 1859 656 1911 γ’
685 1862 782 1901 ἴσως
815 1861 1064 1911 Συρακόσιοι,
1092 1860 1136 1899 τὸ
1162 1859 1285 1899 πάλαι
1311 1859 1573 1910 δημοκρατού-
1598 1878 1633 1910 25

243 1943 355 1976 μενοι
376 1927 437 1966 καὶ
458 1927 603 1978 φόρους
628 1928 921 1980 Καρχηδονίους
946 1928 1206 1977 πραττόμενοι
1233 1928 1294 1966 καὶ
1320 1926 1477 1966 πάντων
1496 1929 1574 1965 τῶν

244 1994 331 2044 περὶ
362 1994 500 2034 αὐτοὺς
535 1993 726 2046 ἄρχοντες
761 1995 822 2033 καὶ
853 1994 1048 2046 ναυμαχίᾳ
1082 1994 1328 2042 νενικηκότες
1360 1993 1472 2042 ἡμᾶς,
1504 1992 1572 2044 ὑφ’

244 2060 331 2101 ἑνὸς
370 2060 641 2111 γραμματέως,
681 2060 722 2102 ὃς
763 2060 956 2111 ὑπηρέτης
994 2059 1052 2110 ἦν,
1094 2061 1145 2101 ὤς
1185 2065 1300 2111 φασι,
1333 2057 1570 2109 τυραννήσε-

148 2130 211 2165 162
245 2129 351 2166 σθαι.
425 2127 513 2167 οὐδέ
545 2127 581 2178 γ’
616 2128 635 2165 ὁ
662 2131 728 2166 νῦν
756 2126 809 2166 ὧν
838 2127 1050 2168 Διονύσιος
1081 2126 1252 2176 ἤλπισεν
1283 2125 1330 2166 ἄν
1364 2125 1448 2165 ποτ’
1476 2127 1573 2166 ἴσως

246 2195 370 2247 πλοίῳ
398 2194 632 2247 στρογγύλῳ
656 2194 717 2233 καὶ
743 2194 1000 2245 στρατιώταις
1019 2194 1170 2244 ὀλίγοις
1193 2192 1312 2232 Δίων’
1334 2191 1487 2232 ἐλθόντ’
1509 2191 1572 2243 ἐφ’
1593 2209 1633 2240 3ο

246 2261 363 2300 αὑτὸν
390 2262 579 2310 ἐκβαλεῖν
605 2260 672 2300 τὸν
703 2259 871 2312 τριήρεις
902 2261 1057 2301 πολλὰς
1090 2260 1152 2299 καὶ
1180 2258 1314 2309 ξένους
1345 2260 1406 2298 καὶ
1436 2259 1572 2299 πόλεις

288 2369 329 2398 28
364 2371 397 2400 ὃς
424 2393 429 2399 .
457 2393 462 2399 .
490 2394 494 2398 .
524 2368 560 2405 ἧν
589 2369 653 2398 dcl.
683 2369 829 2399 Reiske:
865 2371 898 2400 ὒς
928 2369 1075 2410 ὑπηρέτει
1105 2369 1218 2407 σφίσιν
1248 2368 1356 2407 Blass,
1387 2372 1571 2407 praeeunte

247 2411 381 2443 Weilio.
403 2413 474 2442 coll.
498 2412 657 2450 Polyaen.
676 2423 695 2441 v
712 2423 741 2444 2.
763 2423 780 2441 2
871 2414 909 2444 ὥς
928 2421 1006 2451 φασι
1025 2412 1089 2442 del.
1111 2412 1145 2441 F.
1165 2412 1203 2442 A.
1225 2411 1325 2442 Wolf
1419 2421 1571 2451 τυραννη-

246 2459 357 2486 σεσθαι
377 2456 399 2485 S
416 2455 448 2485 L1
465 2456 491 2485 Y
506 2456 535 2486 O
550 2456 593 2486 P:
619 2455 912 2496 τυραννηθήσεσθαι
932 2456 1018 2494 vulg.
