<?xml version="1.0" encoding="UTF-8"?>
<!DOCTYPE html PUBLIC "-//W3C//DTD XHTML 1.0 Transitional//EN"
    "http://www.w3.org/TR/xhtml1/DTD/xhtml1-transitional.dtd">
<html xmlns="http://www.w3.org/1999/xhtml" xml:lang="en" lang="en">
 <head>
  <title>
</title>
<meta http-equiv="Content-Type" content="text/html;charset=utf-8" />
  <meta name='ocr-system' content='tesseract 3.04.00' />
  <meta name='ocr-capabilities' content='ocr_page ocr_carea ocr_par ocr_line ocrx_word'/>
</head>
<body>
  <div class='ocr_page' id='page_1' title='image "./p1orationesrecog02demouoft_0283.png"; bbox 0 0 1737 2734; ppageno 0'>
   <div class='ocr_carea' id='block_1_1' title="bbox 212 137 1207 193">
    <p class='ocr_par' dir='ltr' id='par_1_1' title="bbox 212 137 1207 193">
     <span class='ocr_line' id='line_1_1' title="bbox 212 137 1207 193; baseline 0 -13"><span class='ocrx_word' id='word_1_1' title='bbox 212 137 329 193; x_wconf 73' lang='lat' dir='ltr'>xxlv]</span> <span class='ocrx_word' id='word_1_2' title='bbox 554 143 713 181; x_wconf 79' lang='grc' dir='ltr'>ΚΑΤΑ</span> <span class='ocrx_word' id='word_1_3' title='bbox 761 143 1207 181; x_wconf 83' lang='grc' dir='ltr'>ΤΙΜΟΚΡΑΤΟΎΣ</span> 
     </span>
    </p>
   </div>
   <div class='ocr_carea' id='block_1_2' title="bbox 142 246 1543 2102">
    <p class='ocr_par' dir='ltr' id='par_1_2' title="bbox 142 246 1543 2102">
     <span class='ocr_line' id='line_1_2' title="bbox 210 246 1539 300; baseline 0.001 -13"><span class='ocrx_word' id='word_1_4' title='bbox 210 249 326 293; x_wconf 85' lang='grc' dir='ltr'>εἵπω;</span> <span class='ocrx_word' id='word_1_5' title='bbox 364 248 424 288; x_wconf 85' lang='grc' dir='ltr'>ὅτι</span> <span class='ocrx_word' id='word_1_6' title='bbox 452 248 600 287; x_wconf 89' lang='grc' dir='ltr'>τούτων</span> <span class='ocrx_word' id='word_1_7' title='bbox 628 249 700 298; x_wconf 82' lang='grc' dir='ltr'>μὲν</span> <span class='ocrx_word' id='word_1_8' title='bbox 725 246 965 300; x_wconf 75' lang='grc' dir='ltr'>μετέχουσιν</span> <span class='ocrx_word' id='word_1_9' title='bbox 991 248 1045 287; x_wconf 78' lang='grc' dir='ltr'>ὧν</span> <span class='ocrx_word' id='word_1_10' title='bbox 1070 247 1274 286; x_wconf 81' lang='grc' dir='ltr'>ἀδικοῦσιν</span> <span class='ocrx_word' id='word_1_11' title='bbox 1300 247 1398 297; x_wconf 77' lang='grc' dir='ltr'>ὑμᾶς</span> <span class='ocrx_word' id='word_1_12' title='bbox 1422 262 1539 292; x_wconf 82' lang='grc' dir='ltr'>τινες,</span> 
     </span>
     <span class='ocr_line' id='line_1_3' title="bbox 209 313 1541 366; baseline 0 -12"><span class='ocrx_word' id='word_1_13' title='bbox 209 313 287 354; x_wconf 84' lang='grc' dir='ltr'>ἀπὸ</span> <span class='ocrx_word' id='word_1_14' title='bbox 325 315 365 354; x_wconf 83' lang='grc' dir='ltr'>δὲ</span> <span class='ocrx_word' id='word_1_15' title='bbox 405 317 483 354; x_wconf 84' lang='grc' dir='ltr'>τῶν</span> <span class='ocrx_word' id='word_1_16' title='bbox 520 313 866 366; x_wconf 78' lang='grc' dir='ltr'>εἰσπραττομένων</span> <span class='ocrx_word' id='word_1_17' title='bbox 904 315 1176 365; x_wconf 83' lang='grc' dir='ltr'>ὑφαιροῦνται·</span> <span class='ocrx_word' id='word_1_18' title='bbox 1226 313 1274 353; x_wconf 88' lang='grc' dir='ltr'>δι’</span> <span class='ocrx_word' id='word_1_19' title='bbox 1312 314 1541 363; x_wconf 81' lang='grc' dir='ltr'>ἀπληστίαν</span> 
     </span>
     <span class='ocr_line' id='line_1_4' title="bbox 207 379 1541 435; baseline 0 -15"><span class='ocrx_word' id='word_1_20' title='bbox 207 382 248 420; x_wconf 82' lang='grc' dir='ltr'>δὲ</span> <span class='ocrx_word' id='word_1_21' title='bbox 280 381 435 432; x_wconf 89' lang='grc' dir='ltr'>τρόπων</span> <span class='ocrx_word' id='word_1_22' title='bbox 465 381 624 434; x_wconf 84' lang='grc' dir='ltr'>διχόθεν</span> <span class='ocrx_word' id='word_1_23' title='bbox 654 384 892 432; x_wconf 83' lang='grc' dir='ltr'>καρποῦνται</span> <span class='ocrx_word' id='word_1_24' title='bbox 923 379 994 430; x_wconf 81' lang='grc' dir='ltr'>τὴν</span> <span class='ocrx_word' id='word_1_25' title='bbox 1024 381 1156 420; x_wconf 90' lang='grc' dir='ltr'>πόλιν.</span> <span class='ocrx_word' id='word_1_26' title='bbox 1227 381 1316 420; x_wconf 83' lang='grc' dir='ltr'>οὔτε</span> <span class='ocrx_word' id='word_1_27' title='bbox 1342 381 1417 432; x_wconf 76' lang='grc' dir='ltr'>γὰρ</span> <span class='ocrx_word' id='word_1_28' title='bbox 1445 381 1541 435; x_wconf 83' lang='grc' dir='ltr'>ῥᾷον</span> 
     </span>
     <span class='ocr_line' id='line_1_5' title="bbox 208 443 1541 500; baseline 0 -14"><span class='ocrx_word' id='word_1_29' title='bbox 208 451 376 488; x_wconf 81' lang='grc' dir='ltr'>πολλοῖς</span> <span class='ocrx_word' id='word_1_30' title='bbox 402 447 464 487; x_wconf 86' lang='grc' dir='ltr'>καὶ</span> <span class='ocrx_word' id='word_1_31' title='bbox 488 449 536 487; x_wconf 84' lang='grc' dir='ltr'>τὰ</span> <span class='ocrx_word' id='word_1_32' title='bbox 565 447 668 498; x_wconf 85' lang='grc' dir='ltr'>μίκρ’</span> <span class='ocrx_word' id='word_1_33' title='bbox 695 448 900 487; x_wconf 82' lang='grc' dir='ltr'>ἀδικοῦσιν</span> <span class='ocrx_word' id='word_1_34' title='bbox 926 446 1227 500; x_wconf 84' lang='grc' dir='ltr'>ἀπεχθάνεσθαι</span> <span class='ocrx_word' id='word_1_35' title='bbox 1252 443 1275 496; x_wconf 82' lang='grc' dir='ltr'>ἢ</span> <span class='ocrx_word' id='word_1_36' title='bbox 1300 447 1453 499; x_wconf 77' lang='grc' dir='ltr'>ὀλίγοις</span> <span class='ocrx_word' id='word_1_37' title='bbox 1479 448 1541 487; x_wconf 83' lang='grc' dir='ltr'>καὶ</span> 
     </span>
     <span class='ocr_line' id='line_1_6' title="bbox 170 513 1541 565; baseline 0.001 -12"><span class='ocrx_word' id='word_1_38' title='bbox 170 531 187 562; x_wconf 78' lang='lat'><em>5</em></span> <span class='ocrx_word' id='word_1_39' title='bbox 207 513 376 565; x_wconf 80' lang='grc' dir='ltr'>μεγάλα,</span> <span class='ocrx_word' id='word_1_40' title='bbox 398 515 487 554; x_wconf 80' lang='grc' dir='ltr'>οὔτε</span> <span class='ocrx_word' id='word_1_41' title='bbox 506 514 818 565; x_wconf 81' lang='grc' dir='ltr'>δημοτικώτερον</span> <span class='ocrx_word' id='word_1_42' title='bbox 840 513 965 564; x_wconf 81' lang='grc' dir='ltr'>δήπου</span> <span class='ocrx_word' id='word_1_43' title='bbox 985 515 1032 553; x_wconf 78' lang='grc' dir='ltr'>τὰ</span> <span class='ocrx_word' id='word_1_44' title='bbox 1051 517 1130 554; x_wconf 86' lang='grc' dir='ltr'>τῶν</span> <span class='ocrx_word' id='word_1_45' title='bbox 1149 517 1314 554; x_wconf 82' lang='grc' dir='ltr'>πολλῶν</span> <span class='ocrx_word' id='word_1_46' title='bbox 1333 513 1541 565; x_wconf 80' lang='grc' dir='ltr'>ἀδικήμαθ’</span> 
     </span>
     <span class='ocr_line' id='line_1_7' title="bbox 208 577 1543 633; baseline 0.001 -14"><span class='ocrx_word' id='word_1_47' title='bbox 208 580 303 631; x_wconf 84' lang='grc' dir='ltr'>ὁρᾶν</span> <span class='ocrx_word' id='word_1_48' title='bbox 327 577 416 630; x_wconf 79' lang='grc' dir='ltr'>ὴτὰ</span> <span class='ocrx_word' id='word_1_49' title='bbox 440 584 517 620; x_wconf 86' lang='grc' dir='ltr'>τῶν</span> <span class='ocrx_word' id='word_1_50' title='bbox 542 581 705 633; x_wconf 79' lang='grc' dir='ltr'>ὀλίγων.</span> <span class='ocrx_word' id='word_1_51' title='bbox 767 581 874 620; x_wconf 78' lang='grc' dir='ltr'>ἀλλὰ</span> <span class='ocrx_word' id='word_1_52' title='bbox 900 580 1004 621; x_wconf 78' lang='grc' dir='ltr'>τοῦτ’</span> <span class='ocrx_word' id='word_1_53' title='bbox 1025 582 1150 620; x_wconf 85' lang='grc' dir='ltr'>αἴτιον</span> <span class='ocrx_word' id='word_1_54' title='bbox 1174 580 1278 632; x_wconf 83' lang='grc' dir='ltr'>οὑγὼ</span> <span class='ocrx_word' id='word_1_55' title='bbox 1302 580 1423 633; x_wconf 90' lang='grc' dir='ltr'>λέγω.</span> <span class='ocrx_word' id='word_1_56' title='bbox 1482 583 1543 621; x_wconf 85' lang='grc' dir='ltr'>δεῖ</span> 
     </span>
     <span class='ocr_line' id='line_1_8' title="bbox 207 646 1540 699; baseline 0.002 -13"><span class='ocrx_word' id='word_1_57' title='bbox 207 648 337 687; x_wconf 88' lang='grc' dir='ltr'>τοίνυν</span> <span class='ocrx_word' id='word_1_58' title='bbox 372 648 471 697; x_wconf 78' lang='grc' dir='ltr'>ὑμᾶς</span> <span class='ocrx_word' id='word_1_59' title='bbox 505 651 627 687; x_wconf 72' lang='grc' dir='ltr'>ταῦτα</span> <span class='ocrx_word' id='word_1_60' title='bbox 663 646 959 699; x_wconf 74' lang='grc' dir='ltr'>λογιζομένους,</span> <span class='ocrx_word' id='word_1_61' title='bbox 997 647 1061 686; x_wconf 88' lang='grc' dir='ltr'>καὶ</span> <span class='ocrx_word' id='word_1_62' title='bbox 1096 646 1367 698; x_wconf 87' lang='grc' dir='ltr'>μεμνημένους</span> <span class='ocrx_word' id='word_1_63' title='bbox 1402 649 1456 687; x_wconf 79' lang='grc' dir='ltr'>ὧν</span> <span class='ocrx_word' id='word_1_64' title='bbox 1492 647 1540 688; x_wconf 85' lang='grc' dir='ltr'>ἂν</span> 
     </span>
     <span class='ocr_line' id='line_1_9' title="bbox 207 713 1540 769; baseline 0 -16"><span class='ocrx_word' id='word_1_65' title='bbox 207 713 376 755; x_wconf 78' lang='grc' dir='ltr'>ἕκαστος</span> <span class='ocrx_word' id='word_1_66' title='bbox 409 714 573 769; x_wconf 80' lang='grc' dir='ltr'>ἁμάρτῃ,</span> <span class='ocrx_word' id='word_1_67' title='bbox 612 713 804 763; x_wconf 73' lang='grc' dir='ltr'>κολάζειν,</span> <span class='ocrx_word' id='word_1_68' title='bbox 842 715 938 754; x_wconf 84' lang='grc' dir='ltr'>ὅταν</span> <span class='ocrx_word' id='word_1_69' title='bbox 971 713 1128 764; x_wconf 79' lang='grc' dir='ltr'>λάβητέ</span> <span class='ocrx_word' id='word_1_70' title='bbox 1160 731 1259 760; x_wconf 83' lang='grc' dir='ltr'>τινα,</span> <span class='ocrx_word' id='word_1_71' title='bbox 1293 714 1355 754; x_wconf 83' lang='grc' dir='ltr'>καὶ</span> <span class='ocrx_word' id='word_1_72' title='bbox 1387 714 1440 765; x_wconf 78' lang='grc' dir='ltr'>μὴ</span> <span class='ocrx_word' id='word_1_73' title='bbox 1471 717 1540 754; x_wconf 82' lang='grc' dir='ltr'>τὸν</span> 
     </span>
     <span class='ocr_line' id='line_1_10' title="bbox 206 780 1539 832; baseline 0.002 -14"><span class='ocrx_word' id='word_1_74' title='bbox 206 780 354 832; x_wconf 80' lang='grc' dir='ltr'>χρόνον</span> <span class='ocrx_word' id='word_1_75' title='bbox 385 782 421 821; x_wconf 83' lang='grc' dir='ltr'>εἰ</span> <span class='ocrx_word' id='word_1_76' title='bbox 453 781 576 822; x_wconf 84' lang='grc' dir='ltr'>πολύς</span> <span class='ocrx_word' id='word_1_77' title='bbox 612 780 696 820; x_wconf 82' lang='grc' dir='ltr'>ἐστ’</span> <span class='ocrx_word' id='word_1_78' title='bbox 731 780 798 820; x_wconf 76' lang='grc' dir='ltr'>ἀπ’</span> <span class='ocrx_word' id='word_1_79' title='bbox 833 781 985 821; x_wconf 84' lang='grc' dir='ltr'>ἐκείνου</span> <span class='ocrx_word' id='word_1_80' title='bbox 1022 784 1200 825; x_wconf 81' lang='grc' dir='ltr'>σκοπεῖν,</span> <span class='ocrx_word' id='word_1_81' title='bbox 1237 780 1329 820; x_wconf 78' lang='grc' dir='ltr'>ἀλλ’</span> <span class='ocrx_word' id='word_1_82' title='bbox 1363 782 1397 821; x_wconf 85' lang='grc' dir='ltr'>εἰ</span> <span class='ocrx_word' id='word_1_83' title='bbox 1432 780 1539 820; x_wconf 75' lang='grc' dir='ltr'>ταῦτ’</span> 
     </span>
     <span class='ocr_line' id='line_1_11' title="bbox 149 846 1535 900; baseline 0.002 -16"><span class='ocrx_word' id='word_1_84' title='bbox 149 862 187 884; x_wconf 86' lang='grc' dir='ltr'>ιο</span> <span class='ocrx_word' id='word_1_85' title='bbox 206 847 378 886; x_wconf 86' lang='grc' dir='ltr'>ἐποίουν.</span> <span class='ocrx_word' id='word_1_86' title='bbox 449 847 499 888; x_wconf 85' lang='grc' dir='ltr'>ὡς</span> <span class='ocrx_word' id='word_1_87' title='bbox 525 849 558 887; x_wconf 84' lang='grc' dir='ltr'>εἰ</span> <span class='ocrx_word' id='word_1_88' title='bbox 583 851 651 887; x_wconf 80' lang='grc' dir='ltr'>νῦν</span> <span class='ocrx_word' id='word_1_89' title='bbox 678 846 811 899; x_wconf 84' lang='grc' dir='ltr'>πράως</span> <span class='ocrx_word' id='word_1_90' title='bbox 837 847 962 887; x_wconf 81' lang='grc' dir='ltr'>οἴσετ’</span> <span class='ocrx_word' id='word_1_91' title='bbox 990 846 1054 900; x_wconf 85' lang='grc' dir='ltr'>ἐφ’</span> <span class='ocrx_word' id='word_1_92' title='bbox 1082 847 1139 888; x_wconf 75' lang='grc' dir='ltr'>οἶς</span> <span class='ocrx_word' id='word_1_93' title='bbox 1164 846 1243 886; x_wconf 83' lang='grc' dir='ltr'>τότ’</span> <span class='ocrx_word' id='word_1_94' title='bbox 1268 847 1535 899; x_wconf 85' lang='grc' dir='ltr'>ἠγανακτεῖτε,</span> 
     </span>
     <span class='ocr_line' id='line_1_12' title="bbox 206 911 1537 967; baseline 0.001 -15"><span class='ocrx_word' id='word_1_95' title='bbox 206 911 333 962; x_wconf 79' lang='grc' dir='ltr'>δόξετ’</span> <span class='ocrx_word' id='word_1_96' title='bbox 365 914 611 965; x_wconf 79' lang='grc' dir='ltr'>ὀργιζόμενοι</span> <span class='ocrx_word' id='word_1_97' title='bbox 650 913 938 966; x_wconf 83' lang='grc' dir='ltr'>κατεγνωκέναι</span> <span class='ocrx_word' id='word_1_98' title='bbox 974 915 1022 953; x_wconf 78' lang='grc' dir='ltr'>τὰ</span> <span class='ocrx_word' id='word_1_99' title='bbox 1058 912 1240 967; x_wconf 82' lang='grc' dir='ltr'>χρήματα</span> <span class='ocrx_word' id='word_1_100' title='bbox 1272 913 1433 959; x_wconf 81' lang='grc' dir='ltr'>τούτων,</span> <span class='ocrx_word' id='word_1_101' title='bbox 1469 914 1537 953; x_wconf 82' lang='grc' dir='ltr'>οὐκ</span> 
     </span>
     <span class='ocr_line' id='line_1_13' title="bbox 206 979 1537 1032; baseline 0.002 -13"><span class='ocrx_word' id='word_1_102' title='bbox 206 979 465 1030; x_wconf 85' lang='grc' dir='ltr'>ἀδικούμενοι.</span> <span class='ocrx_word' id='word_1_103' title='bbox 521 984 600 1020; x_wconf 82' lang='grc' dir='ltr'>τῶν</span> <span class='ocrx_word' id='word_1_104' title='bbox 619 982 691 1030; x_wconf 79' lang='grc' dir='ltr'>μὲν</span> <span class='ocrx_word' id='word_1_105' title='bbox 710 982 787 1032; x_wconf 72' lang='grc' dir='ltr'>γὰρ</span> <span class='ocrx_word' id='word_1_106' title='bbox 807 980 1071 1032; x_wconf 78' lang='grc' dir='ltr'>ὀργιζομένων</span> <span class='ocrx_word' id='word_1_107' title='bbox 1091 981 1202 1020; x_wconf 84' lang='grc' dir='ltr'>ἐστὶν</span> <span class='ocrx_word' id='word_1_108' title='bbox 1221 979 1342 1031; x_wconf 79' lang='grc' dir='ltr'>ὀξέως</span> <span class='ocrx_word' id='word_1_109' title='bbox 1361 997 1398 1020; x_wconf 92' lang='grc' dir='ltr'>τι</span> <span class='ocrx_word' id='word_1_110' title='bbox 1419 980 1537 1021; x_wconf 84' lang='grc' dir='ltr'>κακὸν</span> 
     </span>
     <span class='ocr_line' id='line_1_14' title="bbox 205 1046 1536 1098; baseline 0.002 -13"><span class='ocrx_word' id='word_1_111' title='bbox 205 1049 275 1086; x_wconf 87' lang='grc' dir='ltr'>τόν</span> <span class='ocrx_word' id='word_1_112' title='bbox 303 1047 540 1097; x_wconf 85' lang='grc' dir='ltr'>λελυπηκότ’</span> <span class='ocrx_word' id='word_1_113' title='bbox 566 1046 831 1098; x_wconf 86' lang='grc' dir='ltr'>ἐργάσασθαι,</span> <span class='ocrx_word' id='word_1_114' title='bbox 858 1051 937 1087; x_wconf 83' lang='grc' dir='ltr'>τῶν</span> <span class='ocrx_word' id='word_1_115' title='bbox 962 1046 994 1086; x_wconf 77' lang='grc' dir='ltr'>δ’</span> <span class='ocrx_word' id='word_1_116' title='bbox 1019 1046 1299 1097; x_wconf 78' lang='grc' dir='ltr'>ἀδικουμένων,</span> <span class='ocrx_word' id='word_1_117' title='bbox 1326 1048 1421 1087; x_wconf 77' lang='grc' dir='ltr'>ὅταν</span> <span class='ocrx_word' id='word_1_118' title='bbox 1447 1048 1536 1087; x_wconf 78' lang='grc' dir='ltr'>ποθ’</span> 
     </span>
     <span class='ocr_line' id='line_1_15' title="bbox 205 1112 1534 1165; baseline 0.002 -13"><span class='ocrx_word' id='word_1_119' title='bbox 205 1112 274 1164; x_wconf 86' lang='grc' dir='ltr'>ὑφ’</span> <span class='ocrx_word' id='word_1_120' title='bbox 317 1114 448 1155; x_wconf 81' lang='grc' dir='ltr'>αὐτοῖς</span> <span class='ocrx_word' id='word_1_121' title='bbox 494 1113 660 1164; x_wconf 79' lang='grc' dir='ltr'>λάβωσι</span> <span class='ocrx_word' id='word_1_122' title='bbox 708 1114 777 1154; x_wconf 83' lang='grc' dir='ltr'>τὸν</span> <span class='ocrx_word' id='word_1_123' title='bbox 818 1113 1043 1164; x_wconf 83' lang='grc' dir='ltr'>ἠδικηκότα,</span> <span class='ocrx_word' id='word_1_124' title='bbox 1088 1114 1178 1153; x_wconf 86' lang='grc' dir='ltr'>τότε</span> <span class='ocrx_word' id='word_1_125' title='bbox 1219 1113 1534 1165; x_wconf 85' lang='grc' dir='ltr'>τιμωρήσασθαι.</span> 
     </span>
     <span class='ocr_line' id='line_1_16' title="bbox 146 1180 1531 1231; baseline 0.001 -12"><span class='ocrx_word' id='word_1_126' title='bbox 146 1194 183 1227; x_wconf 80' lang='lat'>15</span> <span class='ocrx_word' id='word_1_127' title='bbox 204 1180 344 1220; x_wconf 82' lang='grc' dir='ltr'>οὔκουν</span> <span class='ocrx_word' id='word_1_128' title='bbox 380 1183 441 1221; x_wconf 88' lang='grc' dir='ltr'>δεῖ</span> <span class='ocrx_word' id='word_1_129' title='bbox 479 1183 620 1226; x_wconf 86' lang='grc' dir='ltr'>δοκεῖν,</span> <span class='ocrx_word' id='word_1_130' title='bbox 659 1184 728 1221; x_wconf 78' lang='grc' dir='ltr'>νῦν</span> <span class='ocrx_word' id='word_1_131' title='bbox 765 1180 1099 1230; x_wconf 78' lang='grc' dir='ltr'>μαλακισθέντας,</span> <span class='ocrx_word' id='word_1_132' title='bbox 1137 1181 1227 1220; x_wconf 89' lang='grc' dir='ltr'>τότε</span> <span class='ocrx_word' id='word_1_133' title='bbox 1265 1184 1343 1220; x_wconf 87' lang='grc' dir='ltr'>τῶν</span> <span class='ocrx_word' id='word_1_134' title='bbox 1378 1182 1531 1231; x_wconf 89' lang='grc' dir='ltr'>ὀμωμο-</span> 
     </span>
     <span class='ocr_line' id='line_1_17' title="bbox 205 1246 1533 1300; baseline 0.001 -14"><span class='ocrx_word' id='word_1_135' title='bbox 205 1246 362 1297; x_wconf 91' lang='grc' dir='ltr'>σμένων</span> <span class='ocrx_word' id='word_1_136' title='bbox 392 1248 518 1300; x_wconf 87' lang='grc' dir='ltr'>ὅρκων</span> <span class='ocrx_word' id='word_1_137' title='bbox 549 1246 829 1297; x_wconf 83' lang='grc' dir='ltr'>ἀμελήσαντας</span> <span class='ocrx_word' id='word_1_138' title='bbox 861 1248 951 1298; x_wconf 86' lang='grc' dir='ltr'>ὑμῖν</span> <span class='ocrx_word' id='word_1_139' title='bbox 985 1247 1117 1289; x_wconf 83' lang='grc' dir='ltr'>αὐτοῖς</span> <span class='ocrx_word' id='word_1_140' title='bbox 1149 1247 1397 1300; x_wconf 80' lang='grc' dir='ltr'>χαρίσασθαι</span> <span class='ocrx_word' id='word_1_141' title='bbox 1430 1249 1533 1299; x_wconf 77' lang='grc' dir='ltr'>παρὰ</span> 
     </span>
     <span class='ocr_line' id='line_1_18' title="bbox 204 1313 1532 1367; baseline 0 -13"><span class='ocrx_word' id='word_1_142' title='bbox 204 1317 246 1353; x_wconf 88' lang='grc' dir='ltr'>τὸ</span> <span class='ocrx_word' id='word_1_143' title='bbox 283 1314 445 1360; x_wconf 88' lang='grc' dir='ltr'>δίκαιον,</span> <span class='ocrx_word' id='word_1_144' title='bbox 480 1315 587 1354; x_wconf 80' lang='grc' dir='ltr'>ἀλλὰ</span> <span class='ocrx_word' id='word_1_145' title='bbox 622 1317 755 1364; x_wconf 89' lang='grc' dir='ltr'>μισεῖν</span> <span class='ocrx_word' id='word_1_146' title='bbox 790 1314 853 1354; x_wconf 87' lang='grc' dir='ltr'>καὶ</span> <span class='ocrx_word' id='word_1_147' title='bbox 887 1313 977 1365; x_wconf 88' lang='grc' dir='ltr'>μηδ’</span> <span class='ocrx_word' id='word_1_148' title='bbox 1011 1313 1229 1367; x_wconf 82' lang='grc' dir='ltr'>ἀνέχεσθαι</span> <span class='ocrx_word' id='word_1_149' title='bbox 1263 1313 1403 1366; x_wconf 81' lang='grc' dir='ltr'>φωνὴν</span> <span class='ocrx_word' id='word_1_150' title='bbox 1434 1314 1532 1365; x_wconf 84' lang='grc' dir='ltr'>μήτε</span> 
     </span>
     <span class='ocr_line' id='line_1_19' title="bbox 203 1380 1212 1432; baseline 0 -12"><span class='ocrx_word' id='word_1_151' title='bbox 203 1381 342 1421; x_wconf 88' lang='grc' dir='ltr'>τούτου</span> <span class='ocrx_word' id='word_1_152' title='bbox 366 1380 453 1432; x_wconf 85' lang='grc' dir='ltr'>μήτ’</span> <span class='ocrx_word' id='word_1_153' title='bbox 479 1382 641 1426; x_wconf 85' lang='grc' dir='ltr'>ἐκείνου,</span> <span class='ocrx_word' id='word_1_154' title='bbox 669 1384 827 1421; x_wconf 80' lang='grc' dir='ltr'>τοιαῦτα</span> <span class='ocrx_word' id='word_1_155' title='bbox 853 1380 1212 1431; x_wconf 83' lang='grc' dir='ltr'>πεπολιτευμένων.</span> 
     </span>
     <span class='ocr_line' id='line_1_20' title="bbox 270 1447 1529 1499; baseline 0 -11"><span class='ocrx_word' id='word_1_156' title='bbox 270 1447 401 1488; x_wconf 82' lang='grc' dir='ltr'>Ἀλλὰ</span> <span class='ocrx_word' id='word_1_157' title='bbox 421 1448 466 1498; x_wconf 83' lang='grc' dir='ltr'>νὴ</span> <span class='ocrx_word' id='word_1_158' title='bbox 486 1450 564 1488; x_wconf 90' lang='grc' dir='ltr'>Δία</span> <span class='ocrx_word' id='word_1_159' title='bbox 579 1451 699 1487; x_wconf 81' lang='grc' dir='ltr'>ταῦτα</span> <span class='ocrx_word' id='word_1_160' title='bbox 717 1450 789 1498; x_wconf 83' lang='grc' dir='ltr'>μὲν</span> <span class='ocrx_word' id='word_1_161' title='bbox 804 1451 975 1487; x_wconf 80' lang='grc' dir='ltr'>τοιοῦτοι</span> <span class='ocrx_word' id='word_1_162' title='bbox 989 1448 1206 1499; x_wconf 89' lang='grc' dir='ltr'>γεγόνασιν</span> <span class='ocrx_word' id='word_1_163' title='bbox 1227 1448 1270 1488; x_wconf 85' lang='grc' dir='ltr'>ἐν</span> <span class='ocrx_word' id='word_1_164' title='bbox 1286 1448 1343 1489; x_wconf 72' lang='grc' dir='ltr'>οἷς</span> <span class='ocrx_word' id='word_1_165' title='bbox 1363 1450 1529 1488; x_wconf 89' lang='grc' dir='ltr'>πεπολί-</span> 
     </span>
     <span class='ocr_line' id='line_1_21' title="bbox 144 1513 1531 1568; baseline 0 -13"><span class='ocrx_word' id='word_1_166' title='bbox 144 1528 183 1550; x_wconf 91' lang='lat'>20</span> <span class='ocrx_word' id='word_1_167' title='bbox 202 1531 370 1561; x_wconf 85' lang='grc' dir='ltr'>τευνται,</span> <span class='ocrx_word' id='word_1_168' title='bbox 392 1514 498 1555; x_wconf 79' lang='grc' dir='ltr'>ἄλλα</span> <span class='ocrx_word' id='word_1_169' title='bbox 524 1514 556 1554; x_wconf 86' lang='grc' dir='ltr'>δ’</span> <span class='ocrx_word' id='word_1_170' title='bbox 576 1514 660 1555; x_wconf 80' lang='grc' dir='ltr'>ἔσθ’</span> <span class='ocrx_word' id='word_1_171' title='bbox 681 1515 704 1554; x_wconf 78' lang='grc' dir='ltr'>’ὰ</span> <span class='ocrx_word' id='word_1_172' title='bbox 730 1518 860 1556; x_wconf 85' lang='grc' dir='ltr'>καλῶς</span> <span class='ocrx_word' id='word_1_173' title='bbox 883 1513 1134 1568; x_wconf 81' lang='grc' dir='ltr'>διῳκήκασιν.</span> <span class='ocrx_word' id='word_1_174' title='bbox 1195 1515 1302 1554; x_wconf 80' lang='grc' dir='ltr'>ἀλλὰ</span> <span class='ocrx_word' id='word_1_175' title='bbox 1330 1514 1392 1554; x_wconf 82' lang='grc' dir='ltr'>καὶ</span> <span class='ocrx_word' id='word_1_176' title='bbox 1415 1514 1531 1555; x_wconf 84' lang='grc' dir='ltr'>τᾶλλ’</span> 
     </span>
     <span class='ocr_line' id='line_1_22' title="bbox 202 1580 1530 1634; baseline 0 -13"><span class='ocrx_word' id='word_1_177' title='bbox 202 1582 302 1621; x_wconf 81' lang='grc' dir='ltr'>οὕτω</span> <span class='ocrx_word' id='word_1_178' title='bbox 328 1582 658 1634; x_wconf 84' lang='grc' dir='ltr'>προσεληλύθασι</span> <span class='ocrx_word' id='word_1_179' title='bbox 683 1585 779 1634; x_wconf 84' lang='grc' dir='ltr'>πρὸς</span> <span class='ocrx_word' id='word_1_180' title='bbox 803 1583 902 1631; x_wconf 77' lang='grc' dir='ltr'>ὑμᾶς</span> <span class='ocrx_word' id='word_1_181' title='bbox 926 1580 1025 1620; x_wconf 84' lang='grc' dir='ltr'>ὥσθ’</span> <span class='ocrx_word' id='word_1_182' title='bbox 1045 1580 1174 1630; x_wconf 83' lang='grc' dir='ltr'>ἥκιστ’</span> <span class='ocrx_word' id='word_1_183' title='bbox 1196 1582 1238 1621; x_wconf 81' lang='grc' dir='ltr'>ἐν</span> <span class='ocrx_word' id='word_1_184' title='bbox 1264 1582 1322 1623; x_wconf 77' lang='grc' dir='ltr'>οἷς</span> <span class='ocrx_word' id='word_1_185' title='bbox 1347 1581 1530 1631; x_wconf 83' lang='grc' dir='ltr'>ἀκηκόατ’</span> 
     </span>
     <span class='ocr_line' id='line_1_23' title="bbox 201 1647 1530 1700; baseline 0.002 -13"><span class='ocrx_word' id='word_1_186' title='bbox 201 1647 314 1699; x_wconf 69' lang='grc' dir='ltr'>ἄξιόν</span> <span class='ocrx_word' id='word_1_187' title='bbox 329 1651 418 1689; x_wconf 87' lang='grc' dir='ltr'>ἐστι</span> <span class='ocrx_word' id='word_1_188' title='bbox 435 1652 570 1700; x_wconf 87' lang='grc' dir='ltr'>μισεῖν</span> <span class='ocrx_word' id='word_1_189' title='bbox 586 1648 739 1690; x_wconf 83' lang='grc' dir='ltr'>αὐτούς.</span> <span class='ocrx_word' id='word_1_190' title='bbox 791 1649 833 1688; x_wconf 89' lang='grc' dir='ltr'>τί</span> <span class='ocrx_word' id='word_1_191' title='bbox 849 1649 924 1700; x_wconf 79' lang='grc' dir='ltr'>γὰρ</span> <span class='ocrx_word' id='word_1_192' title='bbox 940 1647 1135 1698; x_wconf 82' lang='grc' dir='ltr'>βούλεσθ’</span> <span class='ocrx_word' id='word_1_193' title='bbox 1153 1649 1270 1695; x_wconf 82' lang='grc' dir='ltr'>ε’ίπω,·</span> <span class='ocrx_word' id='word_1_194' title='bbox 1301 1649 1349 1688; x_wconf 83' lang='grc' dir='ltr'>τὰ</span> <span class='ocrx_word' id='word_1_195' title='bbox 1366 1648 1530 1698; x_wconf 82' lang='grc' dir='ltr'>πομπεῖ’</span> 
     </span>
     <span class='ocr_line' id='line_1_24' title="bbox 202 1711 1530 1768; baseline 0 -13"><span class='ocrx_word' id='word_1_196' title='bbox 202 1715 252 1757; x_wconf 84' lang='grc' dir='ltr'>ὡς</span> <span class='ocrx_word' id='word_1_197' title='bbox 280 1715 582 1761; x_wconf 80' lang='grc' dir='ltr'>ἐπεσκευάκασι,</span> <span class='ocrx_word' id='word_1_198' title='bbox 612 1716 673 1755; x_wconf 88' lang='grc' dir='ltr'>καὶ</span> <span class='ocrx_word' id='word_1_199' title='bbox 697 1714 768 1764; x_wconf 77' lang='grc' dir='ltr'>τὴν</span> <span class='ocrx_word' id='word_1_200' title='bbox 793 1719 872 1755; x_wconf 85' lang='grc' dir='ltr'>τῶν</span> <span class='ocrx_word' id='word_1_201' title='bbox 898 1714 1113 1767; x_wconf 84' lang='grc' dir='ltr'>στεφάνων</span> <span class='ocrx_word' id='word_1_202' title='bbox 1139 1715 1382 1768; x_wconf 86' lang='grc' dir='ltr'>καθαίρεσιν,</span> <span class='ocrx_word' id='word_1_203' title='bbox 1410 1711 1433 1765; x_wconf 83' lang='grc' dir='ltr'>ἢ</span> <span class='ocrx_word' id='word_1_204' title='bbox 1458 1715 1530 1765; x_wconf 70' lang='grc' dir='ltr'>τὴν</span> 
     </span>
     <span class='ocr_line' id='line_1_25' title="bbox 200 1781 1529 1835; baseline -0.001 -12"><span class='ocrx_word' id='word_1_205' title='bbox 200 1786 278 1822; x_wconf 83' lang='grc' dir='ltr'>τῶν</span> <span class='ocrx_word' id='word_1_206' title='bbox 311 1787 468 1835; x_wconf 78' lang='grc' dir='ltr'>φιαλῶν</span> <span class='ocrx_word' id='word_1_207' title='bbox 501 1783 661 1832; x_wconf 87' lang='grc' dir='ltr'>ποίησιν</span> <span class='ocrx_word' id='word_1_208' title='bbox 697 1781 769 1832; x_wconf 77' lang='grc' dir='ltr'>τὴν</span> <span class='ocrx_word' id='word_1_209' title='bbox 806 1781 952 1832; x_wconf 86' lang='grc' dir='ltr'>καλήν;</span> <span class='ocrx_word' id='word_1_210' title='bbox 990 1781 1082 1822; x_wconf 88' lang='grc' dir='ltr'>ἀλλ’</span> <span class='ocrx_word' id='word_1_211' title='bbox 1115 1782 1179 1822; x_wconf 82' lang='grc' dir='ltr'>ἐπὶ</span> <span class='ocrx_word' id='word_1_212' title='bbox 1214 1782 1367 1823; x_wconf 87' lang='grc' dir='ltr'>τούτοις</span> <span class='ocrx_word' id='word_1_213' title='bbox 1399 1799 1459 1834; x_wconf 85' lang='grc' dir='ltr'>γε,</span> <span class='ocrx_word' id='word_1_214' title='bbox 1497 1784 1529 1822; x_wconf 82' lang='grc' dir='ltr'>εἰ</span> 
     </span>
     <span class='ocr_line' id='line_1_26' title="bbox 142 1848 1530 1902; baseline -0.001 -12"><span class='ocrx_word' id='word_1_215' title='bbox 142 1863 179 1896; x_wconf 83' lang='lat'>25</span> <span class='ocrx_word' id='word_1_216' title='bbox 199 1851 322 1899; x_wconf 79' lang='grc' dir='ltr'>μηδὲν</span> <span class='ocrx_word' id='word_1_217' title='bbox 358 1849 450 1890; x_wconf 85' lang='grc' dir='ltr'>ἄλλ’</span> <span class='ocrx_word' id='word_1_218' title='bbox 488 1850 645 1899; x_wconf 86' lang='grc' dir='ltr'>ἠδίκουν</span> <span class='ocrx_word' id='word_1_219' title='bbox 680 1849 752 1899; x_wconf 80' lang='grc' dir='ltr'>τὴν</span> <span class='ocrx_word' id='word_1_220' title='bbox 787 1849 921 1895; x_wconf 90' lang='grc' dir='ltr'>πόλιν,</span> <span class='ocrx_word' id='word_1_221' title='bbox 959 1850 1055 1900; x_wconf 90' lang='grc' dir='ltr'>τρίς,</span> <span class='ocrx_word' id='word_1_222' title='bbox 1094 1848 1168 1902; x_wconf 79' lang='grc' dir='ltr'>οὐχ</span> <span class='ocrx_word' id='word_1_223' title='bbox 1204 1848 1315 1899; x_wconf 77' lang='grc' dir='ltr'>ἅπαξ</span> <span class='ocrx_word' id='word_1_224' title='bbox 1345 1848 1530 1889; x_wconf 84' lang='grc' dir='ltr'>τεθνάναι</span> 
     </span>
     <span class='ocr_line' id='line_1_27' title="bbox 199 1915 1529 1969; baseline 0.001 -14"><span class='ocrx_word' id='word_1_225' title='bbox 199 1917 356 1958; x_wconf 86' lang='grc' dir='ltr'>δικαίως</span> <span class='ocrx_word' id='word_1_226' title='bbox 381 1916 429 1957; x_wconf 82' lang='grc' dir='ltr'>ἄν</span> <span class='ocrx_word' id='word_1_227' title='bbox 451 1934 518 1967; x_wconf 91' lang='grc' dir='ltr'>μοι</span> <span class='ocrx_word' id='word_1_228' title='bbox 537 1919 733 1956; x_wconf 79' lang='grc' dir='ltr'>δοκοῦσιν·</span> <span class='ocrx_word' id='word_1_229' title='bbox 773 1915 836 1955; x_wconf 84' lang='grc' dir='ltr'>καὶ</span> <span class='ocrx_word' id='word_1_230' title='bbox 861 1917 937 1968; x_wconf 77' lang='grc' dir='ltr'>γὰρ</span> <span class='ocrx_word' id='word_1_231' title='bbox 963 1917 1166 1968; x_wconf 75' lang='grc' dir='ltr'>ἱεροσυλίᾳ</span> <span class='ocrx_word' id='word_1_232' title='bbox 1188 1916 1250 1956; x_wconf 81' lang='grc' dir='ltr'>καὶ</span> <span class='ocrx_word' id='word_1_233' title='bbox 1270 1916 1441 1969; x_wconf 80' lang='grc' dir='ltr'>ἀσεβείᾳ</span> <span class='ocrx_word' id='word_1_234' title='bbox 1467 1917 1529 1956; x_wconf 90' lang='grc' dir='ltr'>καὶ</span> 
     </span>
     <span class='ocr_line' id='line_1_28' title="bbox 201 1981 1529 2040; baseline 0 -18"><span class='ocrx_word' id='word_1_235' title='bbox 201 1988 330 2040; x_wconf 80' lang='grc' dir='ltr'>κλοπῇ</span> <span class='ocrx_word' id='word_1_236' title='bbox 361 1985 423 2024; x_wconf 84' lang='grc' dir='ltr'>καὶ</span> <span class='ocrx_word' id='word_1_237' title='bbox 453 1987 553 2023; x_wconf 78' lang='grc' dir='ltr'>πᾶσι</span> <span class='ocrx_word' id='word_1_238' title='bbox 581 1986 662 2024; x_wconf 88' lang='grc' dir='ltr'>τοῖς</span> <span class='ocrx_word' id='word_1_239' title='bbox 693 1981 934 2024; x_wconf 87' lang='grc' dir='ltr'>δεινοτάτοις</span> <span class='ocrx_word' id='word_1_240' title='bbox 963 1982 1039 2022; x_wconf 77' lang='grc' dir='ltr'>εἵσ’</span> <span class='ocrx_word' id='word_1_241' title='bbox 1065 1982 1213 2035; x_wconf 82' lang='grc' dir='ltr'>ἔνοχοι.</span> <span class='ocrx_word' id='word_1_242' title='bbox 1283 1983 1330 2022; x_wconf 76' lang='grc' dir='ltr'>τὰ</span> <span class='ocrx_word' id='word_1_243' title='bbox 1359 1984 1431 2032; x_wconf 84' lang='grc' dir='ltr'>μὲν</span> <span class='ocrx_word' id='word_1_244' title='bbox 1460 1983 1529 2022; x_wconf 69' lang='grc' dir='ltr'>οὖν</span> 
     </span>
     <span class='ocr_line' id='line_1_29' title="bbox 200 2048 1527 2102; baseline -0.001 -12"><span class='ocrx_word' id='word_1_245' title='bbox 200 2049 319 2090; x_wconf 80' lang='grc' dir='ltr'>πόλλ’</span> <span class='ocrx_word' id='word_1_246' title='bbox 349 2051 403 2090; x_wconf 79' lang='grc' dir='ltr'>ὧν</span> <span class='ocrx_word' id='word_1_247' title='bbox 435 2050 566 2102; x_wconf 90' lang='grc' dir='ltr'>λέγων</span> <span class='ocrx_word' id='word_1_248' title='bbox 596 2049 827 2101; x_wconf 78' lang='grc' dir='ltr'>ἐφενάκιζεν</span> <span class='ocrx_word' id='word_1_249' title='bbox 859 2050 957 2100; x_wconf 77' lang='grc' dir='ltr'>ὑμᾶς</span> <span class='ocrx_word' id='word_1_250' title='bbox 987 2048 1238 2101; x_wconf 85' lang='grc' dir='ltr'>Ἀνδροτίων,</span> <span class='ocrx_word' id='word_1_251' title='bbox 1273 2050 1527 2102; x_wconf 80' lang='grc' dir='ltr'>παραλείψω·</span> 
     </span>
    </p>
   </div>
   <div class='ocr_carea' id='block_1_3' title="bbox 241 2157 1525 2199">
    <p class='ocr_par' dir='ltr' id='par_1_3' title="bbox 241 2157 1525 2199">
     <span class='ocr_line' id='line_1_30' title="bbox 241 2157 1525 2199; baseline 0 -11"><span class='ocrx_word' id='word_1_252' title='bbox 241 2169 260 2188; x_wconf 84' lang='lat'>2</span> <span class='ocrx_word' id='word_1_253' title='bbox 284 2158 319 2190; x_wconf 78' lang='grc' dir='ltr'>δὲ</span> <span class='ocrx_word' id='word_1_254' title='bbox 336 2162 400 2191; x_wconf 84' lang='grc' dir='ltr'>τῶν</span> <span class='ocrx_word' id='word_1_255' title='bbox 412 2160 508 2189; x_wconf 84' lang='lat' dir='ltr'>codd.</span> <span class='ocrx_word' id='word_1_256' title='bbox 525 2171 530 2189; x_wconf 78' lang='lat' dir='ltr'>t</span> <span class='ocrx_word' id='word_1_257' title='bbox 554 2162 619 2190; x_wconf 79' lang='grc' dir='ltr'>τῶν</span> <span class='ocrx_word' id='word_1_258' title='bbox 631 2159 657 2190; x_wconf 79' lang='grc' dir='ltr'>δ’</span> <span class='ocrx_word' id='word_1_259' title='bbox 671 2158 768 2189; x_wconf 80' lang='lat' dir='ltr'>Blass</span> <span class='ocrx_word' id='word_1_260' title='bbox 829 2160 1034 2199; x_wconf 83' lang='grc' dir='ltr'>ὑφαιροῦνται</span> <span class='ocrx_word' id='word_1_261' title='bbox 1049 2157 1074 2187; x_wconf 82' lang='lat' dir='ltr'>F</span> <span class='ocrx_word' id='word_1_262' title='bbox 1086 2157 1114 2187; x_wconf 85' lang='lat' dir='ltr'>Y</span> <span class='ocrx_word' id='word_1_263' title='bbox 1127 2157 1157 2188; x_wconf 93' lang='grc' dir='ltr'>Ο</span> <span class='ocrx_word' id='word_1_264' title='bbox 1174 2168 1180 2187; x_wconf 88' lang='lat'>:</span> <span class='ocrx_word' id='word_1_265' title='bbox 1204 2159 1384 2199; x_wconf 81' lang='grc' dir='ltr'>ὑφῃροῡντο</span> <span class='ocrx_word' id='word_1_266' title='bbox 1399 2158 1421 2187; x_wconf 85' lang='lat' dir='ltr'>S</span> <span class='ocrx_word' id='word_1_267' title='bbox 1437 2158 1525 2195; x_wconf 89' lang='lat' dir='ltr'>L¹A‚</span> 
     </span>
    </p>
   </div>
   <div class='ocr_carea' id='block_1_4' title="bbox 197 2201 1529 2372">
    <p class='ocr_par' dir='ltr' id='par_1_4' title="bbox 197 2201 1529 2372">
     <span class='ocr_line' id='line_1_31' title="bbox 197 2201 1528 2241; baseline 0 -9"><span class='ocrx_word' id='word_1_268' title='bbox 197 2202 239 2234; x_wconf 83' lang='lat' dir='ltr'>cf.</span> <span class='ocrx_word' id='word_1_269' title='bbox 264 2202 333 2232; x_wconf 83' lang='lat' dir='ltr'>xxii</span> <span class='ocrx_word' id='word_1_270' title='bbox 358 2203 398 2241; x_wconf 91' lang='lat'>67</span> <span class='ocrx_word' id='word_1_271' title='bbox 533 2213 551 2239; x_wconf 89' lang='lat'>4</span> <span class='ocrx_word' id='word_1_272' title='bbox 584 2203 635 2234; x_wconf 82' lang='grc' dir='ltr'>καὶ</span> <span class='ocrx_word' id='word_1_273' title='bbox 659 2203 702 2233; x_wconf 82' lang='grc' dir='ltr'>τὰ</span> <span class='ocrx_word' id='word_1_274' title='bbox 725 2202 795 2231; x_wconf 83' lang='lat' dir='ltr'>xxii</span> <span class='ocrx_word' id='word_1_275' title='bbox 819 2203 859 2239; x_wconf 89' lang='lat'>67</span> <span class='ocrx_word' id='word_1_276' title='bbox 887 2201 934 2231; x_wconf 81' lang='lat' dir='ltr'>S:</span> <span class='ocrx_word' id='word_1_277' title='bbox 966 2202 1048 2233; x_wconf 83' lang='grc' dir='ltr'>κατὰ</span> <span class='ocrx_word' id='word_1_278' title='bbox 1072 2201 1126 2231; x_wconf 88' lang='lat' dir='ltr'>hie</span> <span class='ocrx_word' id='word_1_279' title='bbox 1150 2211 1291 2231; x_wconf 82' lang='lat' dir='ltr'>omnes:</span> <span class='ocrx_word' id='word_1_280' title='bbox 1322 2203 1373 2233; x_wconf 81' lang='grc' dir='ltr'>καὶ</span> <span class='ocrx_word' id='word_1_281' title='bbox 1400 2202 1528 2232; x_wconf 70' lang='lat' dir='ltr'>Reiske</span> 
     </span>
     <span class='ocr_line' id='line_1_32' title="bbox 199 2244 1528 2286; baseline -0.002 -9"><span class='ocrx_word' id='word_1_282' title='bbox 199 2256 216 2284; x_wconf 94' lang='lat'>7</span> <span class='ocrx_word' id='word_1_283' title='bbox 248 2244 478 2286; x_wconf 73' lang='grc' dir='ltr'>λογιζομένους</span> <span class='ocrx_word' id='word_1_284' title='bbox 502 2245 532 2275; x_wconf 88' lang='grc' dir='ltr'>Α</span> <span class='ocrx_word' id='word_1_285' title='bbox 547 2245 611 2275; x_wconf 79' lang='lat' dir='ltr'>FB</span> <span class='ocrx_word' id='word_1_286' title='bbox 625 2245 653 2275; x_wconf 89' lang='lat' dir='ltr'>Y</span> <span class='ocrx_word' id='word_1_287' title='bbox 667 2246 720 2275; x_wconf 91' lang='lat' dir='ltr'>O:</span> <span class='ocrx_word' id='word_1_288' title='bbox 752 2244 988 2285; x_wconf 75' lang='grc' dir='ltr'>λογισαμένους</span> <span class='ocrx_word' id='word_1_289' title='bbox 1013 2244 1037 2274; x_wconf 85' lang='lat' dir='ltr'>S</span> <span class='ocrx_word' id='word_1_290' title='bbox 1052 2244 1077 2274; x_wconf 92' lang='lat' dir='ltr'>L</span> <span class='ocrx_word' id='word_1_291' title='bbox 1243 2254 1281 2283; x_wconf 86' lang='lat'>13</span> <span class='ocrx_word' id='word_1_292' title='bbox 1312 2245 1477 2286; x_wconf 78' lang='grc' dir='ltr'>εἰργάσθαι</span> <span class='ocrx_word' id='word_1_293' title='bbox 1504 2246 1528 2275; x_wconf 85' lang='lat' dir='ltr'>F</span> 
     </span>
     <span class='ocr_line' id='line_1_33' title="bbox 202 2288 1529 2329; baseline 0.002 -11"><span class='ocrx_word' id='word_1_294' title='bbox 202 2299 239 2326; x_wconf 88' lang='lat'>14</span> <span class='ocrx_word' id='word_1_295' title='bbox 265 2289 316 2329; x_wconf 81' lang='grc' dir='ltr'>ὑφ’</span> <span class='ocrx_word' id='word_1_296' title='bbox 335 2291 441 2321; x_wconf 81' lang='grc' dir='ltr'>αὑτοῖς</span> <span class='ocrx_word' id='word_1_297' title='bbox 459 2299 562 2326; x_wconf 78' lang='lat' dir='ltr'>marg.</span> <span class='ocrx_word' id='word_1_298' title='bbox 584 2288 754 2318; x_wconf 80' lang='lat' dir='ltr'>Lambini:</span> <span class='ocrx_word' id='word_1_299' title='bbox 780 2289 830 2319; x_wconf 84' lang='grc' dir='ltr'>ὑπ’</span> <span class='ocrx_word' id='word_1_300' title='bbox 850 2290 956 2320; x_wconf 81' lang='grc' dir='ltr'>αὐτοῖς</span> <span class='ocrx_word' id='word_1_301' title='bbox 973 2288 1069 2319; x_wconf 90' lang='lat' dir='ltr'>codd.</span> <span class='ocrx_word' id='word_1_302' title='bbox 1253 2288 1292 2318; x_wconf 87' lang='lat'>18</span> <span class='ocrx_word' id='word_1_303' title='bbox 1315 2292 1380 2320; x_wconf 81' lang='grc' dir='ltr'>τῶν</span> <span class='ocrx_word' id='word_1_304' title='bbox 1395 2291 1529 2320; x_wconf 83' lang='grc' dir='ltr'>τοιαῦτα</span> 
     </span>
     <span class='ocr_line' id='line_1_34' title="bbox 199 2331 1527 2372; baseline -0.002 -10"><span class='ocrx_word' id='word_1_305' title='bbox 199 2332 225 2362; x_wconf 77' lang='lat' dir='ltr'>F</span> <span class='ocrx_word' id='word_1_306' title='bbox 372 2342 411 2371; x_wconf 88' lang='lat'>19</span> <span class='ocrx_word' id='word_1_307' title='bbox 440 2331 500 2371; x_wconf 81' lang='grc' dir='ltr'>μὲν</span> <span class='ocrx_word' id='word_1_308' title='bbox 527 2332 635 2362; x_wconf 87' lang='lat' dir='ltr'><strong>Cobet</strong></span> <span class='ocrx_word' id='word_1_309' title='bbox 663 2331 738 2362; x_wconf 89' lang='lat' dir='ltr'>coll.</span> <span class='ocrx_word' id='word_1_310' title='bbox 765 2331 834 2361; x_wconf 83' lang='lat' dir='ltr'>xxii</span> <span class='ocrx_word' id='word_1_311' title='bbox 860 2334 925 2371; x_wconf 88' lang='lat'>69:</span> <span class='ocrx_word' id='word_1_312' title='bbox 955 2331 1055 2370; x_wconf 84' lang='grc' dir='ltr'>μόνον</span> <span class='ocrx_word' id='word_1_313' title='bbox 1081 2332 1176 2362; x_wconf 89' lang='lat' dir='ltr'>codd.</span> <span class='ocrx_word' id='word_1_314' title='bbox 1325 2341 1363 2361; x_wconf 85' lang='lat'>21</span> <span class='ocrx_word' id='word_1_315' title='bbox 1398 2331 1448 2372; x_wconf 82' lang='grc' dir='ltr'>ἐν]</span> <span class='ocrx_word' id='word_1_316' title='bbox 1476 2333 1527 2370; x_wconf 80' lang='grc' dir='ltr'>ἐφ’</span> 
     </span>
    </p>
   </div>
   <div class='ocr_carea' id='block_1_5' title="bbox 197 2374 1527 2459">
    <p class='ocr_par' dir='ltr' id='par_1_5' title="bbox 197 2374 1527 2459">
     <span class='ocr_line' id='line_1_35' title="bbox 197 2374 1527 2414; baseline 0.002 -8"><span class='ocrx_word' id='word_1_317' title='bbox 197 2375 306 2406; x_wconf 83' lang='lat' dir='ltr'><strong>Cobet</strong></span> <span class='ocrx_word' id='word_1_318' title='bbox 407 2385 448 2414; x_wconf 87' lang='lat'>25</span> <span class='ocrx_word' id='word_1_319' title='bbox 472 2376 620 2407; x_wconf 81' lang='grc' dir='ltr'>τεθνάναι</span> <span class='ocrx_word' id='word_1_320' title='bbox 639 2379 715 2414; x_wconf 78' lang='lat' dir='ltr'>post</span> <span class='ocrx_word' id='word_1_321' title='bbox 731 2374 813 2414; x_wconf 80' lang='grc' dir='ltr'>ἅπαξ</span> <span class='ocrx_word' id='word_1_322' title='bbox 831 2374 854 2404; x_wconf 88' lang='lat' dir='ltr'>S</span> <span class='ocrx_word' id='word_1_323' title='bbox 868 2374 894 2404; x_wconf 90' lang='lat' dir='ltr'>L</span> <span class='ocrx_word' id='word_1_324' title='bbox 910 2386 916 2405; x_wconf 91' lang='lat'>:</span> <span class='ocrx_word' id='word_1_325' title='bbox 942 2380 1018 2413; x_wconf 82' lang='lat' dir='ltr'>post</span> <span class='ocrx_word' id='word_1_326' title='bbox 1034 2388 1086 2414; x_wconf 89' lang='grc' dir='ltr'>μοι</span> <span class='ocrx_word' id='word_1_327' title='bbox 1103 2375 1133 2404; x_wconf 89' lang='grc' dir='ltr'>Α</span> <span class='ocrx_word' id='word_1_328' title='bbox 1148 2375 1172 2405; x_wconf 88' lang='lat' dir='ltr'>F</span> <span class='ocrx_word' id='word_1_329' title='bbox 1184 2375 1213 2404; x_wconf 86' lang='lat' dir='ltr'>Y</span> <span class='ocrx_word' id='word_1_330' title='bbox 1226 2374 1257 2405; x_wconf 95' lang='lat' dir='ltr'>O</span> <span class='ocrx_word' id='word_1_331' title='bbox 1274 2387 1280 2405; x_wconf 70' lang='grc' dir='ltr'>ι</span> <span class='ocrx_word' id='word_1_332' title='bbox 1305 2379 1382 2414; x_wconf 83' lang='lat' dir='ltr'>post</span> <span class='ocrx_word' id='word_1_333' title='bbox 1399 2377 1527 2407; x_wconf 82' lang='grc' dir='ltr'>δοκοῦσι</span> 
     </span>
     <span class='ocr_line' id='line_1_36' title="bbox 197 2417 1284 2459; baseline 0.001 -11"><span class='ocrx_word' id='word_1_334' title='bbox 197 2419 238 2449; x_wconf 80' lang='lat' dir='ltr'>al.</span> <span class='ocrx_word' id='word_1_335' title='bbox 372 2420 413 2449; x_wconf 89' lang='lat'>28</span> <span class='ocrx_word' id='word_1_336' title='bbox 439 2418 624 2459; x_wconf 75' lang='grc' dir='ltr'>ἐφενάκιζεν</span> <span class='ocrx_word' id='word_1_337' title='bbox 641 2423 721 2448; x_wconf 84' lang='lat' dir='ltr'>ante</span> <span class='ocrx_word' id='word_1_338' title='bbox 738 2420 816 2457; x_wconf 78' lang='grc' dir='ltr'>ὑμᾶς</span> <span class='ocrx_word' id='word_1_339' title='bbox 835 2417 858 2447; x_wconf 85' lang='lat' dir='ltr'>S</span> <span class='ocrx_word' id='word_1_340' title='bbox 872 2418 917 2448; x_wconf 81' lang='lat' dir='ltr'>L:</span> <span class='ocrx_word' id='word_1_341' title='bbox 943 2423 1018 2456; x_wconf 85' lang='lat' dir='ltr'>post</span> <span class='ocrx_word' id='word_1_342' title='bbox 1037 2420 1114 2458; x_wconf 82' lang='grc' dir='ltr'>ὑμᾶς</span> <span class='ocrx_word' id='word_1_343' title='bbox 1132 2417 1162 2448; x_wconf 92' lang='grc' dir='ltr'>Α</span> <span class='ocrx_word' id='word_1_344' title='bbox 1176 2417 1200 2448; x_wconf 86' lang='lat' dir='ltr'>F</span> <span class='ocrx_word' id='word_1_345' title='bbox 1212 2417 1240 2447; x_wconf 77' lang='lat' dir='ltr'>Y</span> <span class='ocrx_word' id='word_1_346' title='bbox 1254 2418 1284 2449; x_wconf 94' lang='lat' dir='ltr'>O</span> 
     </span>
    </p>
   </div>
   <div class='ocr_carea' id='block_1_6' title="bbox 1576 139 1686 195">
    <p class='ocr_par' dir='ltr' id='par_1_6' title="bbox 1576 139 1686 195">
     <span class='ocr_line' id='line_1_37' title="bbox 1576 139 1686 195; baseline 0.009 -1"><span class='ocrx_word' id='word_1_347' title='bbox 1576 139 1686 195; x_wconf 85' lang='lat'>[754]</span> 
     </span>
    </p>
   </div>
   <div class='ocr_carea' id='block_1_7' title="bbox 1577 593 1637 630">
    <p class='ocr_par' dir='ltr' id='par_1_7' title="bbox 1577 593 1637 630">
     <span class='ocr_line' id='line_1_38' title="bbox 1577 593 1637 630; baseline 0.05 -3"><span class='ocrx_word' id='word_1_348' title='bbox 1577 593 1637 630; x_wconf 85' lang='lat'>175</span> 
     </span>
    </p>
   </div>
   <div class='ocr_carea' id='block_1_8' title="bbox 1567 1313 1673 1367">
    <p class='ocr_par' dir='ltr' id='par_1_8' title="bbox 1567 1313 1673 1367">
     <span class='ocr_line' id='line_1_39' title="bbox 1567 1313 1673 1367; baseline 0 0"><span class='ocrx_word' id='word_1_349' title='bbox 1567 1313 1673 1367; x_wconf 84' lang='lat'>[755]</span> 
     </span>
    </p>
   </div>
   <div class='ocr_carea' id='block_1_9' title="bbox 1569 1454 1632 1495">
    <p class='ocr_par' dir='ltr' id='par_1_9' title="bbox 1569 1454 1632 1495">
     <span class='ocr_line' id='line_1_40' title="bbox 1569 1454 1632 1495; baseline 0.016 -9"><span class='ocrx_word' id='word_1_350' title='bbox 1569 1454 1632 1495; x_wconf 82' lang='lat'>176</span> 
     </span>
    </p>
   </div>
   <div class='ocr_carea' id='block_1_10' title="bbox 1565 1792 1627 1827">
    <p class='ocr_par' dir='ltr' id='par_1_10' title="bbox 1565 1792 1627 1827">
     <span class='ocr_line' id='line_1_41' title="bbox 1565 1792 1627 1827; baseline 0 0"><span class='ocrx_word' id='word_1_351' title='bbox 1565 1792 1627 1827; x_wconf 91' lang='lat'>177</span> 
     </span>
    </p>
   </div>
  </div>
 </body>
</html>
