1737 2734
90 146 213 200 [660]

152 729 212 753 122

101 1313 212 1367 [661]

149 1397 211 1430 123

673 146 1155 185 ΔΗΜΟΣΘΕΝΟΎΣ
1444 143 1568 196 [xxm

246 252 267 290 ὁ
299 250 477 302 μάλιστα
506 253 630 290 δοκῶν
664 253 730 290 νῦν
763 250 855 300 ἡμῖν
889 250 1030 304 ἐχθρὸς
1062 250 1162 290 εἶναι
1187 252 1388 292 Φίλιππος
1419 252 1566 297 οὑτοσί,

434 318 451 330 H
475 316 484 330 Ί
509 316 518 330 2

247 319 280 357 εἰ
305 318 407 362 τότε,
430 333 473 356 οτ
522 320 698 368 Αργαῖον
725 316 967 368 κατάγοντας
986 318 1127 367 λαβὼν
1146 321 1225 356 τῶν
1243 317 1442 368 ἡμετέρων
1461 320 1569 359 τινας

246 387 419 423 πολιτῶν
444 384 573 434 ἀφῆκε
596 385 668 432 μὲν
693 382 844 428 αὐτούς,
867 382 1044 423 ἀπέδωκε
1071 385 1111 423 δὲ
1137 382 1251 423 πάνθ’
1272 383 1335 422 ὅσ’
1355 384 1569 424 ἀπώλεσαν

246 450 389 495 αὐτοῖς,
411 449 573 501 πέμψας
599 451 640 489 δὲ
666 448 860 500 γράμματ’
881 449 1146 501 ἐπηγγέλλεθ’
1173 450 1328 499 ἕτοιμος
1349 449 1449 489 εἶναι
1467 467 1566 499 συμ-

245 518 395 569 μαχίαν
420 518 620 556 ποιεῖσθαι
651 516 712 555 καὶ
742 515 813 565 τὴν
845 516 1035 567 πατρικὴν
1062 517 1202 567 φιλίαν
1233 517 1508 561 ἀνανεοῦσθαι,
1536 518 1569 556 εἰ

245 582 325 622 τότ’
349 581 498 632 ἠξίωσε
527 586 662 635 τυχεῖν
691 583 839 622 τούτων
870 583 935 621 καί
960 599 1019 624 τις
1049 582 1202 633 ἔγραψε
1230 586 1310 621 τῶν
1340 582 1569 634 ἀφεθέντων

246 649 310 689 ὑπ’
342 648 472 697 αὐτοῦ,
512 647 581 688 ἐάν
617 665 674 689 τις
711 649 922 704 ἀποκτείνῃ
959 649 1176 694 Φίλιππον,
1216 649 1418 700 ἀγώγιμον
1456 649 1566 694 εἶναι,

247 714 371 765 καλήν
406 715 443 767 γ’
478 716 595 765 ὕβριν
634 713 730 765 ἦμεν
769 715 817 755 ἂν
852 714 1101 765 ὑβρισμένοι.
1172 714 1247 767 ἆρά
1283 714 1320 766 γ’
1356 715 1471 766 ὁρᾶτε
1507 716 1569 755 καὶ

246 781 568 832 καταμανθάνετ’,
610 779 638 820 ὦ
678 781 814 832 ἄνδρες
853 781 1067 830 Ἀθηναῖοι,
1108 781 1173 832 ἐφ’
1212 781 1379 821 ἑκάστου
1421 783 1570 822 τούτων

244 849 387 898 ἡλίκην
419 848 467 888 ἂν
502 848 733 900 ὠφληκότες
767 848 833 898 ἦτε
867 847 1097 899 παράνοιαν,
1133 849 1169 888 εἴ
1201 864 1239 888 τι
1272 852 1449 889 τοιοῦτον
1482 850 1566 888 ἐτυ-

245 914 407 968 γχάνετ’
429 915 722 966 ἐψηφισμένοι;
759 915 846 955 ἔστι
872 917 947 966 γὰρ
968 914 1040 968 οὐχ
1066 915 1336 966 ὑγιαινόντων,
1358 914 1478 965 οἶμαι,
1500 916 1566 955 ἀν-

246 982 424 1033 θρώπων,
457 981 538 1021 οὔθ’
563 982 657 1021 ὅταν
687 981 760 1021 τιν’
786 980 1042 1032 ὑπειλήφωσι
1073 983 1208 1033 φίλον,
1235 983 1335 1021 οὕτω
1366 982 1568 1022 πιστεύειν

244 1049 362 1094 ὥστε,
404 1047 452 1088 ἂν
499 1049 647 1088 ἀδικεῖν
689 1050 881 1104 ἐπιχειρῇ,
922 1048 968 1087 τὸ
1010 1049 1235 1098 ἀμύνασθαι
1282 1051 1400 1099 σφῶν
1441 1048 1568 1088 αὐτῶν

244 1114 483 1167 ἀφελέσθαι,
512 1114 592 1154 οὔθ’
618 1116 711 1154 ὅταν
739 1116 882 1167 ἐχθρόν
907 1113 979 1154 τιν’
1004 1115 1189 1167 ἡγῶνται,
1217 1116 1340 1156 οὕτως
1365 1114 1412 1154 αὖ
1436 1118 1569 1165 μισεῖν

244 1183 362 1228 ὥστε,
384 1181 432 1222 ἂν
452 1181 704 1231 παυσάμενος
722 1182 918 1231 βούληται
937 1182 1056 1233 φίλος
1077 1181 1189 1227 εἶναι,
1211 1181 1256 1221 τὸ
1276 1184 1404 1221 ποιεῖν
1423 1181 1569 1232 ἐξεῖναι

243 1252 365 1288 ταῦτα
391 1252 580 1288 κωλῦσαι·
619 1247 710 1288 ἀλλ’
730 1247 822 1301 ἄχρι
847 1249 985 1288 τούτου
1011 1248 1072 1288 καὶ
1092 1251 1238 1299 φιλεῖν,
1262 1247 1381 1299 οἶμαι,
1403 1247 1478 1301 χρὴ
1508 1248 1568 1288 καὶ

243 1318 389 1366 μισεῖν,
415 1314 628 1367 μηδετέρου
653 1314 722 1355 τὸν
747 1314 880 1366 καιρὸν
904 1314 1246 1367 ὑπερβάλλοντας.

311 1382 371 1422 Οὐ
395 1383 526 1422 τοίνυν
551 1381 668 1433 ἔγωγ’
688 1381 766 1421 οὐδ’
787 1381 903 1421 ἐκεῖν’
925 1383 1022 1422 ἰδεῖν
1047 1382 1223 1431 δύναμαι,
1246 1381 1297 1423 ὡς
1316 1381 1405 1434 οὐχὶ
1425 1380 1569 1422 πάντες

243 1449 443 1500 ἄνθρωποι
483 1449 631 1488 τούτων
673 1448 891 1498 ἀξιώσουσι
931 1451 1080 1502 τυχεῖν,
1119 1449 1230 1489 ὅσοις
1269 1448 1342 1500 πέρ
1379 1449 1468 1488 ἐστι
1507 1449 1569 1488 καὶ

243 1516 406 1565 ἡτισοῦν
432 1515 660 1567 εὐεργεσίας
690 1516 893 1567 πρόφασις
922 1515 1019 1566 πρὸς
1052 1516 1161 1565 ὑμᾶς,
1189 1516 1222 1555 εἰ
1248 1514 1459 1569 Χαριδήμῳ
1493 1515 1565 1554 δώ-

244 1599 349 1628 σετε,
371 1583 467 1628 οῖον,
495 1584 528 1622 εἰ
552 1583 769 1632 βούλεσθε,
791 1583 937 1632 Σίμων,
962 1581 1126 1633 Βιάνωρ,
1147 1581 1429 1634 Ἀθηνόδωρος,
1449 1581 1569 1621 ἄλλοι

244 1650 384 1700 μυρίοι.
457 1650 490 1689 εἰ
522 1651 594 1699 μὲν
626 1650 757 1689 τοίνυν
790 1651 890 1688 πᾶσι
922 1649 1183 1700 ψηφιούμεθα
1214 1652 1348 1694 ταῦτα,
1374 1647 1566 1698 λήσομεν,

246 1716 296 1757 ὡς
322 1715 438 1765 ἔοικε,
465 1716 725 1767 μισθοφόρων
750 1715 866 1767 ἔργον
896 1715 1112 1767 ἀνθρώπων
1140 1718 1342 1757 ποιοῦντες
1373 1715 1445 1764 τὴν
1477 1714 1565 1755 ἑκά-

246 1799 343 1821 στου
376 1784 573 1833 σωτηρίαν
603 1783 752 1822 τούτων
785 1785 1109 1834 δορυφοροῦντες·
1149 1783 1182 1822 εἰ
1215 1784 1256 1822 δὲ
1288 1785 1342 1836 τῷ
1374 1781 1459 1832 μέν,
1486 1785 1568 1822 τοῖς

246 1849 276 1861 ‘x'
332 1850 346 1863 »t
482 1850 492 1863 Ι
575 1851 584 1862 7
721 1852 738 1860 Α
857 1851 865 1863 c
927 1849 937 1860 N
1063 1849 1070 1861 Ι
1277 1847 1285 1862 Ι
1311 1848 1321 1862 ἳ
1367 1849 1397 1862 ’Κ
1480 1850 1492 1862 N
1549 1847 1559 1859 Ν
1615 1867 1625 1872 -

243 1861 262 1888 ο
303 1866 359 1895 ου,
388 1852 543 1891 δικαίως
568 1854 807 1901 εγκαλουσιν
832 1866 867 1889 οι
893 1866 945 1899 μη
972 1865 1171 1901 τυχοντες.
1232 1853 1308 1899 φερ
1325 1880 1333 1894 ,
1361 1865 1430 1889 εαν
1455 1851 1496 1888 δε
1521 1850 1567 1897 δη
1611 1889 1618 1897 .

245 1916 306 1955 καὶ
333 1915 617 1967 Μενέστρατος
644 1916 745 1966 ἡμᾶς
776 1916 796 1954 ὁ
828 1915 1048 1967 Ἐρετριεὺς
1078 1914 1186 1966 ἀξιοῖ
1214 1915 1335 1955 ταύτὰ
1370 1915 1431 1955 καὶ
1464 1915 1566 1968 αὐτῷ

242 1983 519 2034 ψηφίσασθαι,
555 1979 577 2032 ἢ
611 1982 796 2024 Φάυλλος
830 1983 850 2021 ὁ
879 1982 1040 2023 Φωκεὺς
1074 1981 1096 2032 ἤ
1128 1998 1186 2023 τις
1217 1981 1341 2022 ἄλλος
1373 1981 1568 2030 δυνάστης

240 2049 422 2097 (πολλοῖς
447 2052 488 2090 δὲ
515 2048 639 2099 δήπου
665 2051 728 2089 διὰ
754 2049 908 2100 καιρούς
933 2065 1042 2090 τινας
1067 2047 1262 2089 πολλάκις
1288 2049 1403 2100 φίλοι
1431 2049 1565 2100 γιγνό-

240 2115 366 2165 μεθα),
402 2117 567 2167 πότερον
603 2117 863 2168 ψηφιούμεθα
899 2117 1023 2155 πᾶσιν
1056 2112 1078 2164 ἢ
1113 2116 1175 2161 οὔ;
1224 2115 1484 2167 ψηφιούμεθα
1522 2113 1567 2162 νὴ

289 2236 326 2255 10
358 2226 554 2266 παρανομίαν
579 2224 768 2264 ὠφληκότες
792 2224 850 2261 ἧτε
876 2225 907 2254 Α
1059 2234 1092 2254 11
1129 2225 1212 2263 οἶμαι
1238 2223 1422 2265 ἀνθρώπων]
1449 2225 1568 2263 ἀνδρῶν

241 2269 324 2307 οἶμαι
341 2269 395 2299 A:
420 2269 503 2307 οἶμαι
523 2269 632 2307 Blass,
653 2268 693 2298 cf.
717 2271 731 2304 ξ
754 2269 812 2297 118
952 2277 989 2305 13
1015 2268 1185 2306 ἀμύνεσθαι
1203 2267 1232 2297 Α
1376 2277 1414 2305 19
1438 2267 1567 2298 ὁπόσοις

241 2312 269 2341 Α
437 2323 478 2342 22
502 2314 605 2343 ταῦτα
628 2311 658 2341 Α
673 2311 718 2341 F:
750 2325 853 2343 ταυτα
878 2311 920 2342 S:
954 2311 1057 2343 ταύτά
1081 2311 1121 2342 al.
1292 2321 1331 2348 24
1357 2309 1418 2350 τῷ]
1445 2312 1511 2342 τοῖς
1535 2309 1567 2339 Α

240 2365 280 2394 25
307 2358 502 2396 ἐγκαλοῦσιν
519 2355 627 2386 Cobet
644 2365 651 2385 ε
675 2355 913 2395 ἐγκαλέσωσιν
933 2355 1027 2386 codd.

1594 866 1630 887 10

1592 1197 1628 1229 15

1590 1532 1629 1553 20
