1737 2734
85 1532 200 1587 [497]

182 1682 200 1706 U

665 106 1150 143 ΔΗΜΟΣΘΕΝΟΎΣ
1499 102 1568 155 [xx

244 212 322 248 τῶν
340 210 453 253 ἱερῶν
469 208 583 250 τέλος
605 209 689 248 ἐστὶ
709 211 960 263 λῃτουργεῖν;
998 208 1113 249 αὐτὸς
1128 209 1202 260 γὰρ
1219 209 1363 248 οὑτωσὶ
1383 210 1570 250 τάναντία

242 280 289 330 τῇ
310 274 439 330 στήλῃ
459 275 680 326 γεγραφώς,
702 273 750 314 ἂν
768 278 882 314 τοῦτο
901 274 1014 329 λέγῃ,
1037 273 1272 326 φανήσεται.
1327 276 1449 325 ἡδέως
1468 276 1501 316 δ’
1519 276 1569 316 ἂν

242 341 358 392 ἔγωγ’
380 342 539 391 ἐροίμην
557 341 769 390 Λεπτίνην·
807 342 911 382 τίνος
937 342 1068 382 αὐτοῖς
1093 341 1163 390 τὴν
1181 341 1363 381 ἀτέλειαν
1382 339 1404 391 ἢ
1425 342 1476 382 σὺ
1500 346 1568 382 νῦν

242 408 495 447 καταλείπειν
522 405 667 458 φήσεις
695 403 717 455 ἦ
745 407 916 447 ἐκείνους
945 407 1034 446 τότε
1059 409 1205 453 δοῦναι,
1236 410 1305 449 τὰς
1330 410 1567 463 λῃτουργίας

240 475 336 513 ὅταν
362 473 461 513 εἶναι
486 478 565 529 φῇς
591 475 723 524 {epam
761 477 840 512 τῶν
863 476 937 523 μὲν
960 475 1034 524 γὰρ
1056 474 1110 514 εἰς
1134 473 1202 513 τὸν
1227 474 1402 524 πόλεμον
1427 479 1567 514 πασῶν

242 541 442 591 εἰσφορῶν
470 540 531 579 καὶ
560 542 823 591 τριηραρχιῶν
854 541 896 578 ἐκ
926 543 1004 579 τῶν
1030 543 1209 579 παλαιῶν
1238 541 1368 590 νόμων
1391 541 1459 579 οὐκ
1491 541 1566 581 εἴσ’

241 606 406 646 ἀτελεῖς·
447 609 524 645 τῶν
549 607 590 645 δὲ
615 609 873 660 λῃτουργιῶν,
893 607 1001 656 εἴπερ
1027 605 1103 645 εἴσ’
1129 607 1256 656 ἱερῶν,
1283 606 1360 645 οὐδ’
1388 607 1564 660 ἔχουσιν.

241 673 348 711 ἀλλὰ
372 671 449 722 μὴν
475 671 697 723 γέγραπταί
719 671 755 722 γ’
781 672 933 713 ἀτελεῖς
959 671 1097 713 αὐτοὺς
1123 672 1234 711 εἶναι.
1288 674 1412 719 τίνος;
1450 670 1473 722 ἢ
1499 677 1566 713 τοῦ

239 739 455 787 μετοικίου;
489 742 604 778 τοῦτο
621 740 694 790 γὰρ
710 739 865 778 λοιπόν.
920 738 964 777 οὗ
979 737 1114 787 δήπου,
1134 739 1240 778 ἀλλὰ
1255 742 1333 778 τῶν
1349 740 1565 791 ἐγκυκλίων

239 809 496 859 λῃτουργιῶν,
525 805 575 846 ὡς
604 805 629 854 ἥ
653 821 694 844 τε
725 804 853 854 στήλη
886 808 1001 852 δηλοῖ
1034 805 1096 844 καὶ
1126 805 1176 844 σὺ
1201 806 1492 856 προσδιώρισας
1521 807 1565 846 ἐν

238 874 290 924 τῷ
335 872 440 925 νόμῳ
484 871 546 911 καὶ
587 874 775 922 μαρτυρεῖ
808 874 883 913 πᾶς
922 872 942 910 ὁ
980 871 1055 922 πρὸ
1091 874 1160 911 τοῦ
1197 872 1341 923 χρόνος
1377 873 1561 924 γεγονώς,

237 939 280 977 ἐν
310 935 338 992 ᾧ
370 939 545 992 τοσούτῳ
576 942 619 977 τὸ
650 940 802 987 πλῆθος
832 940 916 977 ὄντι
949 938 1037 978 οὔτε
1071 938 1178 989 φυλὴ
1213 938 1362 978 πώποτ’
1389 939 1563 991 ἐνεγκεῖν

236 1005 460 1054 ἐτόλμησεν
497 1004 646 1055 οὐδεμί’
680 1003 819 1044 οὐδένα
854 1008 931 1044 τῶν
964 1004 1030 1044 ἀπ’
1063 1006 1225 1045 ἐκείνων
1259 1005 1448 1057 χορηγόν,
1482 1005 1562 1046 οὔτ’

236 1070 411 1123 ἐνεχθεὶς
436 1071 567 1112 αὐτοῖς
591 1071 716 1112 ἄλλος
736 1071 859 1112 οὐδεὶς
883 1072 1115 1111 ἀντιδοῦναι.
1170 1072 1227 1112 οἶς
1253 1071 1320 1111 οὐκ
1345 1072 1563 1112 ἀκουστέον

234 1137 282 1176 ἂν
307 1138 465 1178 ἐναντία
489 1142 618 1192 τολμᾷ
643 1137 788 1189 λέγειν.

296 1203 387 1243 ”En
416 1205 547 1244 τοίνυν
576 1206 674 1246 ἴσως
709 1205 962 1255 ἐπισύροντες
995 1205 1150 1256 ἐροῦσιν
1184 1205 1235 1246 ὡς
1266 1208 1466 1257 Μεγαρεῖς
1499 1206 1562 1245 καὶ

236 1269 466 1320 Μεσσήνιοί
485 1287 587 1312 τινες
608 1270 706 1311 εἶναι
725 1270 962 1322 φάσκοντες,
981 1271 1102 1311 ἔπειτ’
1118 1272 1272 1313 ἀτελεῖς
1291 1274 1408 1318 εἰσιν,
1426 1273 1562 1324 ἁθρόοι

234 1340 483 1387 παμπληθεῖς
508 1337 720 1389 ἄνθρωποι,
743 1339 811 1377 καί
832 1355 935 1379 τινες
955 1338 1072 1378 ἄλλοι
1092 1340 1225 1378 δοῦλοι
1253 1339 1314 1378 καὶ
1337 1340 1558 1390 μαστιγίαι,

233 1405 402 1445 Λυκίδας
441 1404 503 1444 καὶ
539 1405 763 1449 Διονύσιος,
801 1405 862 1444 καὶ
895 1405 1094 1446 τοιούτους
1131 1406 1238 1446 τινας
1279 1404 1558 1457 ἐξειλεγμένοι.

232 1471 328 1522 ὑπὲρ
354 1471 399 1520 δὴ
419 1472 567 1510 τούτων
593 1471 661 1511 ὡδὶ
687 1469 874 1520 ποιήσαθ’
899 1472 994 1511 ὅταν
1019 1475 1139 1510 ταῦτα
1163 1471 1329 1523 λέγωσι·
1375 1471 1557 1517 κελεύετ’,

232 1538 342 1589 εἴπερ
361 1538 489 1587 ἀληθῆ
508 1537 674 1589 λέγουσι
694 1536 791 1588 πρὸς
815 1539 925 1587 ὑμᾶς,
947 1539 995 1576 τὰ
1013 1537 1246 1590 ψηφίσματ’
1267 1539 1308 1578 ἐν
1327 1539 1385 1579 οἶς
1405 1539 1559 1580 ἀτελεῖς

233 1604 337 1643 εἰσιν
370 1604 477 1643 οὗτοι
511 1603 647 1654 δεῖξαι.
719 1603 763 1643 οὐ
794 1603 869 1655 γάρ
903 1603 985 1643 ἐστ’
1016 1604 1142 1645 οὐδεὶς
1175 1604 1318 1654 ἀτελὴς
1352 1605 1441 1656 παρ’
1469 1606 1559 1656 ὑμῖν

232 1671 308 1723 ὅτῳ
341 1671 392 1721 μὴ
422 1670 604 1722 ψήφισμ’
634 1668 657 1720 ἢ
688 1671 806 1720 νόμος
836 1670 979 1710 δέδωκε
1008 1670 1078 1720 τὴν
1108 1670 1303 1711 ἀτέλειαν.
1376 1670 1559 1723 πρόξενοι

230 1736 365 1785 μέντοι
398 1738 542 1777 πολλοὶ
575 1739 637 1777 διὰ
669 1741 746 1776 τῶν
779 1737 1094 1787 πολιτευομένων
1127 1739 1318 1789 γεγόνασι
1349 1738 1439 1789 παρ’
1469 1740 1559 1789 ὑμῖν

230 1807 411 1848 τοιοῦτοι,
445 1805 500 1844 ῶν
533 1805 588 1846 εἶς
626 1805 735 1843 ἐστιν
773 1805 793 1842 ὁ
828 1804 1006 1845 Λυκίδας.
1079 1804 1170 1843 ἀλλ’
1205 1806 1336 1856 ἕτερον
1368 1805 1557 1856 πρόξενόν

230 1869 312 1909 ἐστ’
355 1870 454 1910 εἶναι
504 1871 565 1910 καὶ
613 1870 797 1910 ἀτέλειαν
845 1872 1046 1922 εὑρῆσθαι.
1117 1871 1169 1920 μὴ
1212 1871 1256 1920 δῖ)
1300 1873 1558 1923 παραγόντων

228 1937 338 1985 ὑμᾶς,
365 1937 466 1987 μηδ’,
495 1939 555 1977 ὅτι
580 1940 719 1978 δοῦλος
750 1936 803 1976 ὢν
829 1938 848 1976 ὁ
876 1939 1045 1979 Λυκίδας
1077 1938 1139 1977 καὶ
1166 1939 1379 1979 Διονύσιος
1409 1939 1473 1978 καί
1499 1955 1558 1980 τις

229 2005 326 2045 ἴσως
357 2004 482 2045 ἄλλος
507 2006 569 2044 διὰ
593 2004 683 2045 τοὺς
712 2006 857 2054 μισθοῦ
882 2006 930 2043 τὰ
954 2007 1114 2043 τοιαῦτα
1140 2004 1367 2055 γράφοντας
1393 2006 1557 2054 ἑτοίμως

228 2070 411 2121 πρόξενοι
436 2072 642 2123 γεγόνασι,
671 2073 733 2110 διὰ
758 2070 864 2110 τοῦθ’
890 2070 1043 2122 ἑτέρους
1073 2069 1204 2120 ἀξίους
1236 2072 1297 2110 καὶ
1329 2071 1556 2122 ἐλευθέρους

271 2190 288 2216 4
302 2181 509 2212 καταλείπειν
522 2180 545 2210 S
560 2180 583 2209 L
597 2180 625 2209 Α
640 2181 674 2210 Ρι
693 2190 699 2209 1
717 2182 906 2211 καταλιπεῖν
919 2178 1072 2217 vulg..cf.
1085 2181 1121 2216 ἑξ
1140 2190 1209 2215 ῐΩο,
1224 2189 1282 2217 123
1374 2190 1390 2218 7
1407 2179 1554 2221 ἔχουσιν]

226 2227 306 2252 ante
324 2224 411 2255 ἀλλὰ
427 2225 491 2263 μὴν
510 2224 584 2254 fort.
604 2223 754 2255 ἀτέλειαν
771 2224 898 2252 excidit
917 2234 924 2259 ;
949 2223 1010 2252 sed
1028 2223 1065 2252 cf.
1088 2224 1137 2259 §8
1213 2225 1232 2253 8
1258 2223 1277 2259 ἦ
1297 2223 1432 2252 Dobree
1517 2233 1554 2262 13

228 2267 349 2297 ἐκείνου
366 2266 406 2298 Α,
428 2267 467 2297 cs.
492 2271 506 2304 ξ
529 2268 568 2297 18
714 2276 749 2304 17
775 2267 918 2307 πρόξενοι
936 2271 1016 2296 ante
1034 2267 1112 2298 εἶναι
1129 2267 1204 2297 add.
1224 2266 1329 2303 Weil,
1351 2271 1441 2296 recte.
1459 2272 1550 2304 puto,

227 2308 267 2339 cf.
290 2313 325 2346 βξ
350 2319 449 2348 132—3
610 2320 649 2349 19
674 2310 860 2342 Διονυσίους
881 2309 1008 2340 Reiske
1167 2319 1207 2338 22
1233 2309 1391 2341 δεικνύναι
1410 2309 1488 2349 FX,
1509 2310 1550 2340 cs.

227 2354 323 2390 §133

1589 825 1625 846 10

1584 1158 1621 1189 Ι5

1582 1491 1621 1512 20

1581 1824 1617 1855 25
