1737 2734
109 526 126 557 5

92 861 129 883 10

91 1522 130 1544 20

148 132 270 186 xxm]
461 132 591 173 KAT'
636 133 1156 172 ΑΡΙΣΤΟΚΡΑΤΟΎΣ

144 241 206 280 ὄτι
227 243 381 291 πρῶτον
399 241 473 290 μὲν
491 240 657 288 πολίτης
675 236 806 290 γέγον’
828 235 1044 289 ἄνθρωπος,
1068 236 1152 277 εἶτα
1170 234 1292 276 πάλιν
1314 237 1478 287 χρυσοῖς

147 305 365 357 στεφάνοις
384 306 435 347 ὡς
461 304 667 357 εὐεργέτης
688 303 977 356 ἐστεφάνωται,
1003 302 1212 353 θαυμάζειν
1232 300 1479 351 ἐπελήλυθεν

147 375 180 414 εἰ
205 374 252 413 τὰ
278 372 481 422 τηλικαῦθ’
506 373 627 413 οὕτως
653 370 906 422 ἐξηπάτησθε
931 371 1086 424 ῥᾳδίως.
1159 369 1202 409 εὖ
1227 370 1358 409 τοίνυν
1383 366 1477 416 ἴστ’,

147 438 177 480 ὦ
202 439 340 491 ἄνδρες
365 439 581 489 Ἀθηναῖοι,
608 439 669 478 ὅτι
701 436 966 488 ἐξηπάτησθε.
1041 436 1102 476 καὶ
1133 435 1182 476 δι’
1207 435 1231 475 ἆ
1255 435 1293 488 γ’
1321 435 1479 476 εἰκότως

147 510 262 547 τοῦτο
297 507 534 551 πεπόνθατε,
569 506 646 557 ἐγὼ
680 504 776 556 πρὸς
809 505 908 555 ὑμᾶς
942 502 1101 556 φράσω.
1172 504 1245 548 ὅτι,
1280 500 1310 542 ὦ
1342 501 1479 553 ἄνδρες

148 573 365 624 Ἀθηναῖοι,
393 574 528 613 πολλὰ
552 572 846 624 γιγνώσκοντες
874 572 998 623 ὀρθῶς
1029 571 1137 620 ὑμεῖς
1172 569 1216 609 οὐ
1247 571 1308 609 διὰ
1341 568 1479 610 τέλους

148 640 279 681 αὐτοῖς
299 641 467 692 χρῆσθε.
526 640 610 679 οῖον
630 640 672 678 τί
686 637 813 690 λέγω;
854 639 891 678 εἴ
907 654 966 678 τις
985 638 1084 688 ὑμᾶς
1103 637 1231 688 ἔροιτο
1251 637 1292 676 τί
1308 636 1476 687 πονηρό-

148 723 266 747 τατον
300 707 477 757 νομίζετε
503 709 582 745 τῶν
611 706 653 745 ἐν
684 710 730 761 τῇ
761 705 876 744 πόλει
911 703 1069 744 πάντων
1103 704 1240 748 ἐθνῶν,
1268 703 1356 743 οὔτε
1389 702 1478 743 τοὺς

148 773 347 826 γεωργοὺς
372 773 459 813 οὔτε
489 772 578 814 τοὺς
602 772 796 823 ἐμπόρους
830 771 919 810 οὔτε
951 770 1042 812 τοὺς
1075 772 1117 810 ἐκ
1150 773 1229 811 τῶν
1263 770 1478 822 ἀργυρείων

148 841 235 880 οὔτε
261 844 339 880 τῶν
363 839 549 879 τοιούτων
575 838 688 878 οὐδὲν
713 837 761 877 ἂν
788 839 947 884 εἴποιτε,
977 836 1067 877 ἀλλ’
1089 839 1121 877 εἰ
1145 836 1234 877 τοὺς
1261 837 1325 876 ἐπὶ
1349 838 1478 890 μισθῷ

148 906 284 959 λέγειν
304 907 366 947 καὶ
387 905 557 958 γράφειν
577 905 763 946 εἰωθότας
784 906 886 945 εἴποι
907 921 977 949 τις,
1001 903 1041 944 εὖ
1061 903 1131 943 οἶδ’
1151 904 1211 943 ὅτι
1232 902 1479 954 συμφήσαιτ’

149 973 198 1014 ἂν
223 973 406 1014 ἅπαντες.
477 971 596 1024 μέχρι
619 974 691 1023 μὲν
717 971 763 1021 δὴ
791 971 930 1011 τούτου
957 974 1085 1012 καλῶς
1120 970 1331 1022 ἐγνώκατε,
1360 968 1478 1010 ἔπειτ’

149 1039 275 1080 οὐκέτ’
295 1041 419 1092 ὀρθῶς
443 1038 487 1078 τὸ
512 1039 665 1079 λοιπόν.
729 1038 795 1079 οὓς
820 1039 896 1090 γὰρ
921 1038 1030 1077 αὐτοὶ
1055 1036 1345 1088 πονηροτάτους
1369 1037 1477 1086 νομί-

151 1107 234 1157 ζετε
275 1105 446 1151 πάντων,
490 1106 644 1146 τούτοις
683 1104 771 1156 περὶ
812 1108 880 1144 τοῦ
923 1104 1038 1144 ποῖόν
1076 1102 1149 1143 τιν’
1189 1104 1360 1143 ἕκαστον
1401 1102 1477 1156 χρὴ

149 1174 320 1224 νομίζειν
353 1173 654 1213 πεπιστεύκατε·
705 1173 741 1211 οἱ
778 1170 809 1211 δ’
846 1170 892 1211 ὃν
926 1169 976 1211 ἂν
1011 1171 1142 1212 αὑτοῖς
1174 1170 1380 1225 λυσιτελῇ,
1417 1170 1479 1209 καὶ

149 1240 328 1293 χρηστὸν
359 1241 421 1279 καὶ
451 1238 623 1291 πονηρὸν
658 1237 760 1278 εἶναι’
783 1244 923 1290 φασιν,
950 1237 1025 1290 οὐχ
1049 1236 1094 1278 ὃν
1119 1236 1167 1277 ἂν
1192 1235 1216 1292 ᾗ
1242 1238 1390 1277 δίκαιον
1417 1237 1479 1276 καὶ

150 1306 308 1357 ἀληθές.
367 1307 464 1357 ὅπερ
488 1304 729 1356 πεποιήκασι
754 1304 823 1345 τὸν
842 1305 1070 1356 Χαρίδημον
1095 1307 1233 1344 τοῦτον
1259 1305 1295 1344 οἱ
1318 1301 1480 1355 ῥήτορες

150 1373 280 1414 πάντα
320 1373 388 1413 τὸν
437 1373 594 1426 χρόνον,
639 1372 689 1413 ὡς
734 1372 797 1412 καὶ
838 1373 947 1422 ὑμεῖς
989 1369 1273 1423 ὁμολογήσετε,
1319 1371 1479 1410 ἐπειδᾶν

150 1440 347 1490 ἀκούσητέ
370 1457 445 1490 μου
469 1441 518 1479 τὰ
542 1437 785 1490 πεπραγμέν’
810 1437 926 1492 αὐτῷ.

209 1506 323 1547 ‘'Oa-a
351 1509 424 1557 μὲν
453 1506 498 1556 δὴ
531 1506 772 1558 στρατιώτης
803 1503 857 1545 ὢν
886 1506 928 1545 ἐν
960 1503 1233 1557 σφενδονήτου
1263 1505 1325 1544 καὶ
1354 1507 1480 1556 ψιλοῦ

149 1573 259 1626 μέρει
283 1573 327 1613 τὸ
353 1573 419 1613 ἀπ’
445 1573 570 1625 ἀρχῆς
598 1572 745 1613 ἐναντί’
771 1571 1028 1623 ἐστράτευται
1052 1578 1100 1628 τῇ
1125 1572 1253 1617 πόλει,
1280 1572 1325 1612 οὐ
1349 1570 1477 1622 τίθημ’

150 1641 193 1681 ἐν
225 1639 461 1691 ἀδικήματος
491 1638 613 1691 μέρει,
645 1638 725 1679 οὐδ’
757 1640 816 1678 ὅτι
845 1639 1040 1694 λῃστικόν
1069 1655 1165 1679 ποτε
1198 1642 1342 1678 πλοῖον
1376 1637 1480 1691 ἔχων

150 1708 310 1763 ἐλῄζετο
334 1707 423 1748 τοὺς
447 1705 655 1758 ὑμετέρους
682 1705 925 1757 συμμάχους,
953 1704 1045 1745 ἀλλ’
1066 1706 1115 1745 ἐῶ
1141 1708 1273 1744 ταῦτα.
1334 1705 1397 1745 διὰ
1421 1706 1477 1750 τί;

150 1775 223 1819 ὅτι,
259 1772 288 1813 ὦ
322 1773 460 1824 ἄνδρες
492 1772 707 1822 Ἀθηναῖοι,
743 1774 781 1812 αἱ
816 1773 1027 1823 ἀναγκαῖαι
1059 1775 1190 1824 χρεῖαι
1222 1771 1312 1813 τοὺς
1344 1775 1412 1811 τοῦ
1443 1773 1484 1810 τί

150 1839 346 1891 πρακτέον
366 1837 389 1890 ἢ
407 1840 461 1891 μὴ
480 1838 700 1892 λογισμοὺς
727 1839 956 1891 ἀναιροῦσιν
981 1839 1170 1884 ἅπαντας,
1193 1838 1289 1878 ὥστ’
1309 1838 1353 1878 οὐ
1378 1837 1480 1878 πάνυ

150 1907 255 1947 ταῦτ’
273 1908 631 1958 ἀκριβολογεῖσθαι
651 1908 711 1946 δεῖ
724 1905 793 1946 τὸν
809 1907 967 1947 δικαίως
984 1904 1229 1955 ἐξετάζοντα.
1281 1904 1372 1945 ἀλλ’
1388 1905 1479 1944 ὅθεν

150 1973 368 2025 ἀρξάμενος
393 1972 570 2025 ξεναγῶν
595 1972 666 2022 ἤδη
695 1973 760 2012 καί
781 1989 899 2012 τινων
924 1972 1058 2024 ἄρχων
1078 1975 1330 2023 στρατιωτῶν
1356 1975 1479 2012 κακῶς

150 2041 248 2091 ὑμᾶς
281 2041 415 2086 ἐποίει,
448 2039 554 2079 ταῦτ’
585 2038 783 2079 ἀκούσατέ
814 2055 901 2089 μου.
974 2039 1085 2080 οὗτος
1119 2038 1161 2078 ἓν
1192 2041 1265 2088 μὲν
1295 2038 1480 2078 ἁπάντων

150 2111 316 2158 πρῶτον,
355 2106 569 2157 μισθωθεὶς
604 2105 668 2146 ὑπ’
702 2105 948 2157 Ἰφικράτους
985 2106 1048 2145 καὶ
1084 2109 1200 2145 πλεῖν
1236 2102 1258 2154 ἢ
1296 2105 1375 2156 τρί’
1411 2104 1479 2154 ἔτη

197 2226 211 2246 1
252 2216 412 2258 ἅνθρωπος
445 2215 601 2247 Bekker:
641 2216 799 2256 ἅνθρωπος
831 2215 927 2245 codd.
1082 2226 1100 2253 4
1141 2215 1160 2246 ἅ
1190 2214 1239 2255 γ’]
1271 2213 1342 2246 ἅττ’
1372 2214 1479 2245 Cobet

151 2269 170 2299 5
196 2260 307 2300 φράσω
324 2261 400 2300 πρὸς
417 2262 495 2298 ὑμᾶς
512 2258 542 2289 Α
714 2269 730 2297 7
757 2259 861 2300 ἔροιτο
879 2261 957 2297 ὑμᾶς
973 2258 1004 2288 Α
1171 2259 1191 2288 8
1217 2261 1314 2290 ἐθνῶν
1330 2258 1424 2289 codd.
1445 2263 1479 2288 et

153 2302 320 2342 Harpocr.
341 2313 367 2333 s.
382 2313 414 2334 v.
432 2303 519 2335 ἔθνος
535 2313 542 2332 :
567 2303 654 2334 ἔθνος
672 2302 778 2332 Cobet
897 2313 918 2340 9
942 2304 1164 2343 γεωργοῦντας
1181 2302 1211 2331 Α
1326 2311 1364 2340 13
1390 2303 1478 2333 αὐτοὶ

151 2346 239 2385 vulg.
256 2358 263 2377 τ
291 2357 355 2378 om.
377 2345 413 2377 S¹
434 2357 441 2377 t
473 2349 559 2386 ὑμεις
577 2346 665 2377 αυτοὶ
685 2345 708 2376 S
727 2356 812 2376 corr.
832 2356 875 2376 m.
894 2351 962 2376 ant.
983 2357 990 2375 z
1023 2345 1061 2377 αὖ
1077 2345 1107 2375 Y
1121 2345 1172 2375 O:
1207 2346 1318 2378 αὐτοὺς
1345 2345 1479 2375 Dobrec

156 2400 193 2429 15
219 2391 267 2422 καὶ
285 2391 423 2429 πονηρὸν
440 2391 491 2422 καὶ
508 2391 656 2430 χρηστὸν
672 2389 702 2419 Α
812 2399 849 2419 21
876 2388 981 2429 μέρει]
1002 2389 1088 2429 τάξει
1105 2388 1212 2419 Cobet
1320 2399 1361 2429 29
1385 2390 1479 2420 πλεῖν

154 2433 316 2464 Dindors:
343 2436 456 2465 πλεῖον
472 2433 573 2472 vulg..
593 2433 632 2462 cs.
655 2436 668 2470 ᾗ
691 2442 749 2463 110

1509 129 1630 183 [668]

1513 643 1577 684 146

1514 1048 1576 1082 147

1514 1508 1578 1549 148

1511 1835 1638 1888 [669]

1515 2050 1580 2085 149
