1737 2734
107 554 124 585 5

87 893 125 913 10

84 1558 122 1580 20

150 142 274 196 xxm]
467 143 597 184 KAT’
640 145 1158 184 ΑΡΙΣΤΟΚΡΑΤΟΎΣ

168 265 313 294 ΝΟΜΟΣ
346 266 398 292 ΕΚ
430 266 512 292 ΤΩΝ
543 266 729 293 ΦΟΝῙΚΩΝ
763 265 911 292 ΝΟΜΩΝ
943 265 1024 292 ΤΩΝ
1058 265 1105 292 ΕΞ
1137 264 1284 291 ΑΡΕῘΟΎ
1314 264 1460 291 ΠΑΓΟὙ.

201 340 372 384 Δικάζειν
399 338 436 375 δὲ
463 339 529 387 τὴν
552 339 699 387 βουλὴν
722 339 788 387 τὴν
809 342 847 376 ἐν
866 339 996 390 Ἀρείῳ
1016 339 1122 390 πάγῳ
1148 339 1266 386 φόνου
1291 338 1351 375 καὶ
1371 339 1478 387 τραύ·

144 409 260 442 ματος
280 396 319 430 ἐκ
340 394 513 442 προνοίας
534 394 592 430 καὶ
612 396 791 442 πυρκαϊᾶς
812 394 871 430 καὶ
892 394 1107 443 φαρμάκων,
1125 394 1188 431 ἐάν
1207 410 1260 433 τις
1282 394 1477 444 ἀποκτείνῃ

145 447 239 487 δούς.

212 540 419 594 Ἐπίσχες.
491 541 688 591 ἠκούσατε
721 544 793 592 μὲν
823 544 891 581 τοῦ
920 559 962 581 τε
997 542 1119 592 νόμου
1154 541 1216 581 καὶ
1249 544 1317 581 τοῦ
1342 543 1471 593 ψηφί-

146 625 308 658 σματος,
337 606 366 648 ὦ
391 608 529 660 ἄνδρες
556 608 774 658 Ἀθηναῖοι·
814 609 864 650 ὡς
891 608 923 648 δ’
945 607 992 648 ἄν
1016 625 1083 659 μοι
1108 610 1256 648 δοκεῖτε
1278 607 1367 649 τοὺς
1388 608 1475 660 περὶ

144 678 213 714 τοῦ
250 675 479 727 παρανόμου
516 676 661 727 λόγους
699 675 839 716 αὐτοὺς
880 676 1009 730 ῥᾷστα
1049 677 1202 725 μαθεῖν,
1243 674 1347 714 τοῦθ’
1386 676 1476 725 ὑμῖν

145 741 304 793 φράσω·
346 743 380 782 εἷ
413 741 630 794 σκέψαισθ’
665 743 708 782 ἐν
740 743 816 781 τίνι
849 740 958 792 τάξει
990 741 1077 782 ποτ’
1107 741 1192 781 ἔσθ’
1222 742 1320 792 ὑπὲρ
1351 741 1396 780 οὗ
1430 741 1475 781 τὸ

145 807 327 860 ψήφισμ’
354 809 515 861 εἴρηται,
543 809 691 860 πότερα
715 807 827 859 ξένος
852 805 874 858 ἦ
900 808 1081 859 μέτοικος
1106 804 1129 857 ἢ
1155 808 1322 857 πολίτης
1347 808 1472 848 ἐστίν.

146 876 179 915 εἷ
210 877 282 925 μὲν
315 875 362 925 δὴ
395 874 578 926 μέτοικον
609 874 805 928 φήσομεν,
833 875 901 915 οὐκ
936 877 1098 926 ἐροῦμεν
1132 875 1273 924 ἀληθῆ,
1302 875 1335 914 εἰ
1368 874 1401 914 δ’
1426 875 1473 915 αὖ

145 940 271 992 ξένον,
300 941 388 995 οὐχὶ
413 942 543 982 δίκαια
568 940 801 992 ποιήσομεν·
840 942 910 992 τὴν
940 943 1014 993 γὰρ
1041 945 1109 981 τοῦ
1137 940 1260 991 δήμου
1293 940 1471 993 δωρειάν,

145 1009 188 1048 ἐν
211 1006 234 1064 ᾗ
255 1009 418 1059 πολίτης
443 1008 621 1060 γέγονεν,
649 1009 783 1061 κυρίαν
809 1008 910 1063 αὐτῷ
936 1009 1086 1048 δίκαιόν
1112 1009 1223 1048 ἐστιν
1249 1007 1361 1048 εἶναι.
1421 1008 1473 1050 ὡς

143 1075 241 1126 ὑπὲρ
266 1076 430 1115 πολίτου
454 1076 600 1121 τοίνυν,
622 1075 673 1116 ὡς
698 1075 812 1121 ἔοικε,
841 1074 1024 1126 ποιητέον
1050 1074 1139 1116 τοὺς
1163 1075 1321 1127 λόγους.
1381 1074 1469 1115 θεά-

144 1145 274 1182 σασθε
308 1141 353 1191 δὴ
385 1145 482 1193 πρὸς
517 1141 613 1184 Διὸς
646 1142 698 1184 ὡς
727 1143 863 1183 ἁπλῶς
897 1143 959 1182 καὶ
992 1143 1149 1182 δικαίως
1183 1140 1385 1193 χρήσομαι
1418 1145 1472 1196 τῷ

142 1209 265 1262 λόγῳ,
292 1208 335 1249 ὃς
361 1210 415 1250 εἰς
439 1210 512 1258 μὲν
536 1209 680 1259 ταύτην
699 1209 852 1259 τίθεμαι
877 1208 948 1258 τὴν
974 1207 1084 1259 τάξιν
1104 1207 1222 1248 αὐτὸν
1243 1209 1285 1248 ἐν
1309 1207 1335 1264 ᾗ
1359 1209 1470 1249 πλεί-

144 1291 242 1325 στης
267 1274 315 1315 ἂν
339 1274 529 1328 τυγχάνοι
553 1277 679 1326 τιμῆς,
707 1276 731 1315 δ.
761 1275 793 1316 δ’
818 1274 898 1315 οὐδ’
922 1275 1015 1326 ἡμῖν
1043 1279 1125 1316 τοῖς
1154 1273 1261 1327 γένει
1290 1276 1473 1317 πολίταις

142 1342 268 1387 ἐστίν,
301 1341 380 1381 οὐδ’
411 1343 545 1395 ἐκείνῳ
580 1344 662 1382 δεῖν
695 1341 802 1393 οἶμαι
834 1341 1022 1394 γενέσθαι
1056 1344 1161 1394 παρὰ
1193 1341 1282 1383 τοὺς
1316 1342 1469 1393 νόμους.

143 1407 216 1448 τίν’
249 1408 316 1448 οὖν
349 1410 438 1448 ἐστι
469 1412 608 1455 ταῦτα;
653 1409 677 1449 ἃ
710 1410 793 1449 νυνὶ
826 1408 998 1461 γέγραφ’
1031 1410 1181 1449 οὑτοσί.
1251 1407 1471 1461 γέγραπται

143 1475 217 1527 γὰρ
244 1476 286 1515 ἐν
310 1477 382 1526 μὲν
407 1478 459 1529 τῷ
486 1476 591 1530 νόμῳ
619 1477 629 1492 ‘
647 1475 718 1526 τὴν
741 1475 899 1526 βουλὴν
923 1475 1093 1525 δικάζειν
1113 1476 1239 1528 φόνου
1264 1475 1328 1515 καὶ
1352 1475 1467 1527 τραύ-

142 1558 264 1592 ματος
301 1543 343 1582 ἐν
381 1543 566 1594 προνοίας
607 1542 668 1582 καὶ
705 1545 894 1595 πυρκαϊᾶς
933 1543 995 1583 καὶ
1035 1541 1265 1595 φαρμάκων,
1305 1541 1374 1582 ἐάν
1412 1558 1470 1584 τις

143 1609 356 1664 ἀποκτείνῃ
394 1608 509 1650 δούς.’
568 1609 631 1649 καὶ
669 1610 898 1661 προσειπὼν
937 1611 958 1648 ὁ
995 1609 1074 1652 θεὶς
1109 1612 1177 1648 τὸν
1216 1610 1336 1659 νόμον
1374 1609 1470 1649 “ε’ὰν

143 1675 383 1731 ἀποκτείνῃ,’
427 1677 557 1727 κρίσιν
598 1677 812 1726 πεποίηκεν
853 1678 970 1727 ὅμως,
1010 1676 1054 1716 οὐ
1095 1677 1285 1728 πρότερον
1320 1676 1360 1716 τί
1392 1675 1468 1728 χρὴ

143 1741 316 1795 πάσχειν
346 1742 414 1782 τὸν
444 1742 644 1794 δεδρακότ’
670 1744 834 1794 εἴρηκεν,
863 1746 1004 1793 καλῶς,
1031 1740 1060 1782 ὦ
1090 1743 1227 1794 ἄνδρες
1252 1742 1466 1792 Ἀθηναῖοι,

143 1808 248 1848 τοῦθ’
273 1809 370 1861 ὑπὲρ
397 1809 606 1860 εὐσεβείας
632 1810 727 1859 ὅλης
751 1812 821 1860 τῆς
846 1810 1002 1851 πόλεως
1026 1809 1210 1862 προϊδών.
1271 1812 1372 1856 πῶς;
1400 1808 1467 1848 οὐκ

106 1891 120 1922 .’
143 1875 300 1915 ἔνεστιν
324 1875 501 1917 ἅπαντας
526 1876 627 1926 ἡμᾶς
652 1875 795 1916 εἰδέναι
825 1877 883 1918 τίς
913 1876 997 1916 ποτ’
1024 1877 1138 1917 ἐστὶν
1163 1877 1182 1916 ὁ
1208 1876 1467 1928 ἀνδροφόνος.

143 1941 188 1982 τὸ
214 1944 286 1992 μὲν
311 1941 356 1992 δὴ
386 1943 434 1982 τὰ
463 1942 608 1982 τοιαῦτ’
633 1942 725 1983 ἄνευ
755 1945 920 1994 κρίσεως
950 1944 1164 1989 πιστεύειν,
1191 1942 1240 1983 ἄν
1268 1959 1326 1984 τις
1356 1943 1465 1982 ἐπαι-

143 2007 340 2059 τιάσηται,
378 2008 507 2049 δεινὸν
543 2009 690 2062 ἡγεῖτο,
731 2012 813 2050 δεῖν
854 2009 887 2049 δ’
924 2009 1221 2060 ὑπελάμβανεν,
1259 2007 1470 2059 ἐπειδήπερ

143 2074 256 2125 ἡμεῖς
273 2074 548 2127 τιμωρήσομεν
569 2079 622 2130 τῷ
642 2077 870 2121 πεπονθότι,
892 2079 1104 2126 πεισθῆναι
1124 2077 1186 2116 καὶ
1210 2079 1350 2127 μαθεῖν
1369 2075 1470 2126 ἡμᾶς

145 2141 449 2193 διδασκομένους
488 2142 539 2184 ὡς
578 2142 774 2193 δέδρακεν·
824 2146 1035 2192 τηνικαῦτα
1073 2145 1148 2195 γὰρ
1192 2143 1360 2193 εὐσεβὲς
1395 2141 1468 2192 ἤδη

146 2207 326 2258 κολάζειν
352 2209 503 2248 εἰδόσιν
528 2209 639 2254 εἶναι,
663 2209 853 2261 πρότερον
878 2208 911 2248 δ’
937 2210 993 2249 οὔ.
1055 2210 1117 2249 καὶ
1143 2210 1200 2250 ἔτι
1226 2209 1321 2261 πρὸς
1345 2208 1468 2262 τούτῳ

192 2326 205 2346 1
238 2317 346 2347 solum
380 2317 577 2347 vocabulum
610 2322 756 2351 ΝΟΜΟΣ
790 2318 820 2347 in
856 2317 879 2348 S
913 2318 1013 2348 rubro
1044 2318 1177 2357 liquore
1209 2319 1371 2358 scripturn
1404 2323 1467 2357 est,

144 2360 247 2390 verba
264 2366 339 2392 ΕΚ.
364 2386 369 2390 .
389 2385 395 2391 .
416 2366 550 2392 ΠΑΓΟΎ
566 2371 630 2391 om.
651 2362 724 2392 cod.
745 2371 854 2391 unus:
879 2366 1050 2400 suspectat
1070 2362 1219 2392 Dindors
1234 2368 1401 2402 tamquam
1428 2373 1470 2392 ex

147 2406 163 2440 §
181 2412 219 2440 51
240 2409 373 2443 sumpta
491 2414 529 2433 21
557 2406 738 2445 προσειπὼν
756 2404 790 2443 S,
811 2404 851 2436 cf.
874 2408 910 2442 ξς
930 2415 982 2443 27y
1001 2415 1054 2445 29,
1074 2415 1116 2444 30
1134 2405 1262 2445 (Blass)
1281 2417 1287 2436 z
1314 2407 1471 2449 προειπὼν

145 2446 236 2485 vulg.
414 2456 454 2485 25
479 2448 511 2478 τί
527 2447 557 2477 Α
691 2457 733 2485 30
756 2449 853 2479 τοῦτο
869 2447 899 2477 Α

1509 144 1625 199 [627]

1508 556 1550 591 23

1505 875 1624 930 [628]

1502 1086 1548 1120 24

1501 1619 1543 1655 25

1500 2214 1545 2248 26
