1737 2734
95 119 210 172 [κῆ

169 570 211 603 74

168 1031 209 1067 75

643 114 1161 168 [AHMOEOENOTQ
1472 114 1565 166 μμ

243 223 302 262 ὁδὶ
338 223 410 272 μὲν
443 221 655 273 ὀφειλήσει
688 225 740 275 τῷ
775 221 963 275 δημοσίῳ,
1000 222 1020 260 ὁ
1053 220 1316 272 ἐξαλειφθείς,
1351 223 1499 264 ἐκεῖνος
1536 222 1569 262 δ’

243 290 421 338 ἐπίτιμος
446 288 572 333 ἔσται,
594 288 615 326 ὁ
640 289 875 339 ἐγγραφείς,·
912 288 952 327 ἐκ
979 288 1054 339 γὰρ
1074 288 1128 327 ὧν
1147 291 1216 327 νῦν
1235 287 1292 326 ὅδ’
1313 288 1336 327 ἀ
1366 291 1427 333 ιοῖ,
1450 292 1570 328 ταῦτα

244 355 471 405 συμβαίνει·
524 355 557 394 εἰ
596 355 670 405 γὰρ
707 353 763 393 ὅτ’
801 353 1068 405 ἐγγέγραπται
1105 353 1157 404 μὴ
1198 354 1368 405 ὀφείλει,
1410 356 1568 395 ἐπειόἑιν

242 421 476 477 ἐξαλειφθῇ,
503 419 717 471 ὀφειλήσει
742 420 938 470 δηλονότι.
1010 419 1101 460 ἀλλ’
1127 420 1194 460 οὐκ
1221 419 1307 459 ἔστι
1340 423 1472 466 ταῦτα,
1501 422 1568 461 οὐκ

243 488 367 533 ἔστιν,
396 486 488 526 ἀλλ’
514 488 607 526 ὅταν
633 486 862 542 ἐξαλειφθῇ,
883 486 963 526 τότ’
983 487 1051 526 οὐκ
1077 485 1301 538 ὀφειλήσει·
1339 486 1476 526 οὐκοῦν
1501 491 1569 527 νῦν
1590 507 1607 536 5

243 555 412 606 ὀφείλει.
483 555 525 593 τί
557 553 609 598 ὃ’;
655 553 703 593 ἂν
736 553 855 593 αὐτὸν
892 553 1095 608 ἀποφύγῃ,
1134 554 1239 603 παρὰ
1275 557 1343 592 τοῦ
1382 557 1569 603 κομιεῖται

243 619 348 660 ταῦθ’
378 620 400 670 ἡ
432 621 547 661 πόλις
580 621 603 659 ἃ
636 623 703 660 νῦν
736 619 804 659 οὐκ
839 619 928 669 ἐξὸν
965 619 1077 660 οὗτος
1111 623 1232 664 ποιεῖ;
1277 620 1397 659 πόθεν
1430 619 1484 664 δέ,
1512 620 1569 661 οἶς

243 687 355 728 οὗτος
375 686 544 726 θανάτου
563 689 721 736 τιμᾶται
742 687 803 725 καὶ
829 688 976 735 δεσμοῦ
996 686 1154 737 περιιὼν
1176 687 1217 725 ἐν
1236 689 1289 740 τῷ
1315 688 1566 740 δικαστηρίῳ,

243 755 278 793 οἱ
302 756 375 804 μὲν
399 755 467 794 τὰς
487 752 635 806 ψυχάς,
663 755 699 793 οἱ
725 755 765 793 δὲ
790 752 834 792 τὸ
858 752 910 802 μὴ
936 754 1043 792 δεινὰ
1063 751 1301 792 πεπονθέναι
1323 755 1566 802 κομιοῦνται;

243 819 271 874 ᾧ
296 822 371 872 γὰρ
395 821 483 860 οὐδὲ
505 823 582 860 τῶν
603 821 702 860 ἰ’σων
722 819 808 859 οὐδὲ
830 823 907 858 τῶν
933 820 1151 870 ἐγκυκλίων
1171 819 1329 858 δικαίων
1354 819 1567 868 μετουσίαν
1596 837 1630 858 ιο

243 888 422 927 διδόασιν
464 888 500 926 οἱ
543 887 667 936 νόμοι,
712 886 824 927 οὗτος
865 889 942 925 τῶν
985 884 1215 934 ἀνηκέστων
1258 884 1402 936 ἑτέροις
1444 886 1568 926 αἴτιος

242 955 433 1005 γίγνεται,
456 953 523 992 οὐκ
550 954 675 1004 ὀρθῶς
694 952 781 992 οὐδὲ
802 956 1012 993 πολιτικῶς
1038 951 1116 991 οὗό’
1138 952 1187 993 ὡς
1209 951 1405 1003 συμφέρει
1430 968 1564 1002 γιγνο-

241 1020 369 1070 μένων
395 1020 555 1059 τούτων.
627 1019 718 1059 ἀλλ’
743 1020 869 1071 ε”γωγε
902 1018 1010 1058 ταῦθ’
1036 1019 1135 1069 ὀρῶν
1169 1017 1363 1067 θαυμάζω,
1391 1018 1436 1058 τὸ
1464 1017 1568 1058 τᾶνω

244 1086 346 1126 κάτω
372 1089 614 1138 γεγενῆσθαι
639 1088 679 1126 τί
705 1085 791 1126 ποτ’
817 1085 942 1126 οἴεσθ’
968 1084 1078 1125 εἶναι.
1152 1086 1221 1125 ἐὰν
1248 1084 1270 1135 ἡ
1295 1086 1344 1136 γῆ
1376 1086 1447 1134 μὲν
1473 1084 1566 1130 ἄνω,

242 1155 290 1193 τὰ
316 1153 348 1194 δ’
374 1153 503 1204 ἄστρα
529 1152 632 1192 κάτω
658 1152 838 1205 γε’νηται,·
877 1151 945 1192 οὐκ
976 1152 1062 1192 ἔστι
1092 1156 1206 1192 τοῦτο
1241 1150 1444 1203 γενέσθαι,
1471 1153 1567 1201 μηδὲ
1594 1168 1629 1200 15

243 1220 410 1272 γένοιτο.
484 1219 575 1259 ἀλλ’
600 1221 708 1268 ὅταν,
735 1220 792 1261 οἷς
817 1220 858 1259 ἐκ
884 1222 962 1258 τῶν
987 1219 1116 1268 νόμων
1149 1218 1201 1268 μὴ
1228 1217 1396 1268 ἔξεστιν,
1425 1219 1466 1257 ἐκ
1492 1221 1568 1257 τῶν

244 1287 438 1338 ὑμετέρων
471 1286 710 1336 βουλήσεων
741 1286 820 1342 ἐξῇ,
849 1288 942 1326 ὅταν
973 1285 995 1335 ἡ
1025 1287 1097 1335 μὲν
1127 1285 1294 1335 πονηρία
1324 1287 1492 1334 τιμᾶται,
1522 1286 1569 1323 τὰ

242 1355 398 1406 χρηστα
433 1353 465 1393 δ’
491 1354 791 1404 ἀπορρίπτηται,
819 1354 912 1393 ὅταν
941 1352 985 1391 τὸ
1016 1353 1166 1392 δίκαιον
1198 1351 1260 1391 καὶ
1294 1355 1336 1390 τὸ
1365 1350 1569 1402 συμφέρον

242 1421 405 1470 ἡττῖιται
441 1424 508 1459 τοῦ
544 1420 707 1471 φθόνου,
746 1419 825 1459 τότ’
862 1419 942 1459 ἄνω
980 1418 1082 1458 κάτω
1119 1418 1247 1458 πάντα
1287 1417 1361 1471 χρὴ
1398 1418 1569 1468 νομίζειν

242 1487 472 1538 τετράφθαι.
1593 1502 1630 1523 20

303 1553 411 1603 ''Hbvy
438 1554 569 1594 τοίνυν
593 1555 702 1594 τινας
733 1552 835 1593 εἶδον
868 1556 945 1592 τῶν
977 1551 1275 1604 ἀγωνιζομένων
1301 1552 1336 1590 οἳ
1364 1555 1444 1592 τοῖς
1471 1550 1567 1602 πρά-

242 1637 392 1672 γμασιν
413 1620 544 1662 αὐτοῖς
569 1620 840 1670 ἁλισκόμενοι,
865 1621 926 1659 καὶ
948 1619 1015 1658 οὐκ
1036 1619 1197 1671 ἔχοντες
1224 1618 1273 1659 ὡς
1299 1618 1366 1657 οὐκ
1388 1619 1566 1658 ἀδικοῦσι

242 1686 378 1737 δεῖξαι,
405 1689 441 1726 οἱ
467 1688 539 1737 μὲν
566 1688 620 1728 εἷς
645 1686 716 1735 τὴν
741 1690 810 1725 τοῦ
834 1687 927 1736 βίου
951 1685 1186 1736 μετριότητα
1213 1686 1275 1725 καὶ
1301 1686 1567 1736 σωφροσύνην

243 1753 478 1806 κατέφυγον,
505 1755 542 1793 οἱ
568 1753 600 1792 δ’
628 1755 681 1794 εἰς
706 1755 754 1793 τὰ
779 1757 856 1793 τῶν
882 1753 1088 1805 προγόνων
1114 1752 1210 1804 ἔργα
1235 1753 1297 1791 καὶ
1318 1752 1566 1807 λῃτουργίας,

241 1823 278 1860 οἱ
308 1820 342 1860 δ’
367 1822 422 1862 εἰς
448 1820 562 1871 ἕτερα
592 1823 751 1860 τοιαῦτα
781 1819 830 1860 δι’
856 1820 910 1859 ὧν
942 1820 996 1860 εἰς
1027 1820 1142 1859 ἔλεον
1178 1819 1240 1858 καὶ
1266 1818 1569 1870 φιλανθρωπίαν
1591 1837 1626 1867 25

240 1887 330 1928 τοὺς
364 1886 590 1936 δικάζοντας
621 1885 784 1938 ἤγαγον.
854 1886 977 1939 τούτῳ
1013 1885 1045 1924 δ’
1071 1885 1195 1925 οὐδέν’
1222 1886 1298 1936 ὁρῶ
1329 1887 1406 1924 τῶν
1437 1884 1568 1924 τόπων

241 1955 389 1994 τούτων
422 1952 601 2004 βάσιμον
638 1955 744 1999 ὄντα,
781 1953 887 1992 ἀλλὰ
921 1951 1033 1992 πάντ’
1068 1953 1312 2003 ἀπόκρημνα,
1345 1950 1566 2002 φάραγγας,

241 2020 435 2073 βάραθρα.
497 2022 538 2060 τί
558 2022 634 2072 γὰρ
654 2020 704 2061 ὡς
730 2021 886 2070 ἀληθῶς
907 2021 1003 2071 ἐρεῖ;
1039 2019 1093 2058 ὧν
1119 2019 1139 2057 ὁ
1166 2017 1292 2069 πατήρ
1316 2034 1353 2057 τι
1379 2018 1566 2066 πεποίηκε

241 2088 287 2136 νὴ
310 2089 400 2127 Δία.
461 2088 567 2126 ἀλλὰ
589 2086 851 2138 κατεγνώκαθ’
873 2087 980 2136 ὑμεῖς
1008 2087 1050 2125 ἐν
1074 2085 1250 2125 τουτοισὶ
1275 2087 1357 2126 τοῖς
1382 2087 1564 2132 δικαστη-

242 2156 337 2204 ρίοις
354 2154 470 2193 (ιῦτοῦ
487 2153 669 2199 θάνατον,
692 2153 742 2194 ὡς
764 2156 933 2204 πονηροῦ
953 2152 1137 2202 δηλονότι
1159 2153 1219 2191 καὶ
1240 2150 1350 2201 ἀξίου
1369 2150 1565 2190 τεθνάναι.
1589 2169 1628 2198 30

287 2274 302 2301 7
328 2263 416 2295 ταῦθ’
435 2273 500 2293 om.
519 2262 552 2295 S
574 2263 612 2293 cf.
636 2266 649 2298 ξ
670 2273 731 2301 70:
757 2263 832 2293 add.
853 2261 932 2300 vulg
1066 2272 1101 2291 12
1125 2260 1327 2301 ’γιγνομένων
1344 2259 1467 2291 τούτων
1485 2259 1566 2289 secl.

245 2306 371 2337 Rciske
542 2308 580 2336 16
603 2305 648 2338 οἷς
666 2306 761 2336 codd.
781 2317 786 2335 :
810 2307 827 2337 ἲ)
848 2306 980 2336 Dobrec
998 2317 1003 2335 :
1029 2305 1101 2336 sort.
1123 2306 1172 2336 ὅσ“
1191 2304 1280 2334 Weil
1453 2311 1491 2340 19
1515 2304 1565 2333 καὶ

242 2355 322 2380 ante
339 2349 424 2381 κάτω
441 2350 516 2380 add.
538 2350 561 2379 S
579 2349 667 2387 vulg.
686 2361 691 2379 :
717 2360 782 2379 om.
802 2349 841 2386 A,
863 2349 902 2378 cf.
924 2349 981 2378 xxi
998 2358 1036 2387 91
1186 2359 1227 2378 20
1251 2346 1425 2388 τετράφθαι
1444 2345 1541 2375 codd.
1558 2356 1565 2374 t

243 2394 419 2430 ἐστράφθαι
439 2394 514 2424 cdd.
533 2398 611 2423 ante
632 2392 836 2429 Bekkerum,
858 2392 897 2423 cs.
918 2392 975 2422 xxi
994 2402 1031 2424 01
