1737 2734
105 134 227 189 [698]

186 516 228 540 10

99 821 226 877 [699]

184 1055 219 1079 11

97 1707 215 1762 [700]

688 136 1171 174 ΔΗΜΟΣΘΕΝΟΎΣ
1467 134 1585 187 [xxxv

257 248 447 270 τουτεστιι
478 235 526 272 εἷς
553 233 662 270 αὐτὸν
692 233 755 270 τὸν
784 233 908 282 νόμον,
937 249 1033 272 οπως
1059 233 1218 272 ἐναντίος
1245 233 1326 270 ἐστι
1349 235 1423 273 τοῖς
1449 233 1584 282 νόμοις,

257 286 423 336 δεύτερον
442 288 484 324 τὸ
505 287 654 330 δίκαιον,
675 303 797 335 τριτον
823 288 865 324 τὸ
886 288 1090 336 συμφέρον,
1113 287 1168 325 ὅτι
1194 287 1393 336 ἐπιζήμιος,
1414 288 1585 336 τέταρτον

256 341 298 378 τὸ
328 340 390 378 ὃυι
381 341 492 384 ατόν,
519 341 575 378 ὅτι
603 342 662 378 καὶ
687 341 883 380 ἀδυνάτους
910 342 1094 378 ἐπιτάττει
1122 341 1282 390 πράξεις.
1340 342 1363 389 ἦ
1393 342 1586 408 κρινομένη

257 394 319 432 οὖν
348 394 523 434 ὑπόθεσις
552 397 653 432 ἐστιν
680 396 772 443 αὕτη
791 396 815 443 ἡ
844 397 881 432 ἐν
910 397 985 435 τοῖς
1015 396 1242 443 κεφαλαίοις.
1300 395 1367 443 τὴν
1392 397 1465 446 γὰρ
1493 398 1586 434 κατὰ

257 451 326 486 τῶν
365 449 561 497 πρέσβεων
599 449 777 487 ὑπόθεσιν
816 451 853 486 ἐν
895 450 941 499 τῇ
985 450 1214 487 καταστάσει
1257 450 1315 486 καὶ
1352 449 1585 498 παρεκβάσει

257 503 393 540 τέθεικε
424 503 606 552 διαβολῆς
641 504 745 541 ἕνεκα
779 503 961 551 δηλονότι.
1033 503 1156 551 ἐπειδὴ
1188 505 1260 554 γὰρ
1291 505 1311 541 ὁ
1345 504 1454 551 νόμος
1488 503 1589 542 δοκεῖ

257 556 609 605 φιλανθρωπότατος
640 557 740 601 εἶναι,
762 560 832 594 τῶν
862 557 1007 606 δεσμῶν
1037 558 1168 605 ἀφιείς,
1190 558 1320 595 τούτου
1351 558 1453 595 ἕνεκα
1483 558 1583 595 ἀντέ-

257 611 345 659 θηκε
371 614 534 649 πλεῖστα
560 614 626 660 μὲν
654 612 713 648 καὶ
742 612 853 655 ἄλλα,
878 612 1048 660 μάλιστα
1075 611 1113 649 δὲ
1142 613 1188 648 τὰ
1217 611 1280 648 δύο
1308 614 1432 654 ταῦτα,
1457 612 1523 660 τήν
1546 628 1585 649 τε

256 665 433 703 ὑπόθεσιν
464 666 530 713 τὴν
565 667 657 703 κατὰ
688 666 770 705 τοὺς
803 666 994 713 πρέσβεις,
1027 666 1083 703 ἵνα
1118 668 1165 716 τῇ
1195 666 1348 715 ὑπονοίᾳ
1379 666 1491 716 ταύτῃ
1522 667 1585 704 τὸν

257 720 438 768 ἀκροατὴν
467 720 592 770 πείσῃ,
623 720 688 767 τὴν
717 720 878 768 ὑποψίαν
908 720 989 759 δοὺς
1020 722 1111 757 κατὰ
1143 722 1208 756 τοῦ
1237 719 1420 757 ἀντιδίκου
1449 721 1494 759 ὡς
1522 721 1585 758 τὸν

257 775 368 822 νόμον
389 773 431 811 δι’
452 774 750 824 αἰσχροκέρδειαν
777 774 979 813 τεθεικότος
1006 775 1097 822 ὑπὲρ
1125 775 1287 822 ῥητόρων
1312 774 1370 811 καὶ
1392 776 1583 811 πολιτευο-

255 829 385 876 μένων,
408 830 574 876 ἁρπάσαι
600 830 645 865 τὰ
673 830 774 865 κοινὰ
801 828 1107 877 προαιρουμένων·
1142 828 1201 864 καὶ
1226 829 1268 865 τὸ
1295 829 1527 877 ἀσύμφορον,
1548 830 1586 865 ἐν

257 880 282 932 ᾧ
307 882 413 931 (ὅτι)
438 884 695 931 ἀποστερῆσαι
722 883 788 930 τὴν
814 883 924 919 πόλιν
952 883 1121 919 ἁπάντων
1148 884 1218 919 τῶν
1244 883 1474 931 ὀφλημάτων
1493 882 1584 930 βού-

256 940 369 973 λεται·
414 937 471 973 καὶ
501 938 542 973 τὸ
573 936 708 979 ἄδικοι,
739 939 776 973 ἐν
809 936 835 973 ὦ
864 937 919 974 ὅτι
950 937 1108 981 ανάξιοις
1143 936 1347 985 δεσμώταις
1380 937 1447 985 Τὴν
1476 937 1584 987 χάριν

254 990 392 1028 διδωσι
461 992 551 1039 πρὸς
582 990 620 1028 δὲ
651 992 693 1028 τὸ
725 990 887 1033 δυνατόν,
921 990 976 1028 ὅτι
1012 993 1040 1028 εἱ
1073 990 1131 1028 καὶ
1167 990 1414 1040 ἐβουλόμεθα,
1446 1007 1510 1027 ουκ
1541 990 1585 1039 ἦν

253 1045 415 1083 δυνατόν·
449 1047 679 1094 ἀναιροῦνται
699 1062 771 1096 γαρ
786 1047 850 1093 τῆς
865 1045 1054 1084 πολιτείας
1074 1046 1107 1082 οἱ
1131 1045 1288 1084 κανόνες.
1327 1045 1380 1094 μὴ
1395 1047 1465 1096 ἀγι
1468 1047 1584 1094 οῶμεν

253 1099 290 1136 δὲ
321 1099 376 1137 ὅτι
400 1100 442 1136 τὸ
470 1101 537 1148 μὲν
567 1100 722 1148 νόμιμον
750 1100 955 1147 κεφάλαιοι
983 1099 1228 1137 ἐντελέστατα
1253 1099 1456 1150 εἴργασται,
1477 1099 1519 1136 τὸ
1545 1098 1584 1136 δὲ

253 1153 390 1190 δίκαιον
411 1154 469 1190 καὶ
490 1155 532 1191 τὸ
560 1155 753 1202 συμφέρον
779 1154 837 1190 καὶ
864 1155 905 1190 τὸ
933 1153 1084 1190 δυνατὸν
1107 1153 1288 1201 ἀλλήλοις
1317 1154 1581 1202 συμπλέκεται.

253 1208 311 1244 καὶ
331 1208 373 1245 τὸ
388 1210 456 1256 μὲν
471 1208 665 1256 συμφέρον
681 1211 718 1245 ἐν
734 1209 873 1248 τούτοις
889 1208 969 1245 ἐστὶ
989 1208 1031 1245 τὸ
1047 1209 1336 1259 προηγούμενον,
1356 1209 1581 1245 κατασκευά-

251 1263 350 1307 ζεται
381 1262 419 1300 δὲ
450 1262 507 1299 διά
538 1279 576 1299 τε
607 1265 671 1299 τοῦ
702 1262 840 1299 δικαίου
871 1263 929 1299 καὶ
958 1265 1022 1299 τοῦ
1053 1262 1177 1299 ἀδίκου
1207 1263 1267 1299 καὶ
1298 1265 1362 1299 τοῦ
1392 1262 1580 1300 ἀδυνάτου.

250 1319 323 1354 πᾶν
352 1318 424 1367 γὰρ
454 1317 577 1354 ἄδικον
607 1318 665 1353 καὶ
691 1318 924 1365 ἀσύμφορον·
960 1317 1010 1367 τῷ
1036 1315 1065 1354 δ’
1093 1316 1188 1367 αὐτῷ
1217 1316 1276 1353 καὶ
1300 1316 1383 1365 περὶ
1410 1319 1473 1353 τοῦ
1499 1316 1582 1354 ἀδυ-

250 1371 360 1408 νάτου
386 1371 557 1418 βιάζεται
583 1371 747 1422 χρῆσθαι
774 1372 887 1422 λόγῳ·
919 1369 938 1407 ὃ
963 1373 1034 1422 γὰρ
1063 1370 1249 1413 ἀδύνατον,
1273 1372 1383 1419 φησί,
1404 1373 1512 1408 τοῦτο
1538 1370 1582 1418 δὴ

251 1426 309 1462 καὶ
336 1426 569 1475 ἀσύμφορον.
629 1426 688 1462 καὶ
716 1425 839 1474 ἐπειδὴ
866 1426 1097 1474 Τιμοκράτης
1124 1426 1239 1464 πολύς
1271 1428 1351 1462 ἐστι
1375 1426 1420 1475 τῇ
1449 1427 1582 1472 φιλαν-

250 1479 391 1529 θρωπίᾳ
418 1482 483 1517 τοῦ
507 1481 622 1529 νόμου
647 1480 844 1531 χρώμενος,
867 1481 958 1527 αὕτη
983 1479 1021 1517 δὲ
1048 1480 1107 1517 ἐπὶ
1133 1480 1175 1517 τὸ
1201 1479 1339 1517 δίκαιον
1361 1479 1583 1527 ἀναφέροιτο

249 1535 303 1577 ἅν,
336 1534 395 1572 διὰ
427 1537 535 1572 τοῦτο
568 1535 814 1583 Δημοσθένης
848 1536 1039 1584 πανταχοῦ
1072 1535 1122 1585 τῷ
1156 1535 1364 1585 ἀσυμφόρῳ
1398 1534 1582 1584 κέχρηται,
1607 1545 1620 1566 2

249 1587 384 1628 δεικνὺς
405 1589 602 1638 ἐπιβλαβῆ
623 1589 682 1625 καὶ
703 1589 894 1637 ἐπιζήμιον
916 1588 1145 1639 τυγχάνοντα
1167 1591 1212 1639 τῇ
1232 1589 1340 1626 πόλει
1362 1588 1424 1626 τὸν
1444 1588 1569 1637 νόμον.

314 1713 396 1750 Τοῦ
424 1713 496 1761 μὲν
527 1711 691 1762 ἀγῶνος,
719 1708 748 1750 ὧ
787 1709 924 1761 ἄνδρες
956 1710 1151 1754 δικασταί,
1179 1712 1247 1749 τοῦ
1280 1709 1472 1760 παρόντος
1502 1708 1582 1749 οὐδ’

248 1777 294 1816 ἂν
331 1777 449 1817 αὐτὸν
482 1777 589 1828 οἶμαι
624 1777 874 1828 Τιμοκράτην
915 1778 1039 1817 εἰπεῖν
1072 1776 1122 1817 ὡς
1157 1776 1279 1817 αἴτιός
1313 1777 1424 1816 ἐστιν
1457 1775 1582 1817 ἄλλος

247 1860 305 1885 τις
341 1845 443 1899 αὐτῷ
482 1844 587 1894 πλὴν
624 1843 739 1886 αὐτὸς
777 1844 891 1897 αὐτῷ.
967 1842 1179 1896 χρημάτων
1217 1845 1290 1894 γὰρ
1328 1842 1395 1882 οὐκ
1433 1843 1582 1894 ὀλίγων

249 1911 523 1963 ἀποστερῆσαι
554 1911 802 1961 βουλόμενος
827 1910 898 1960 τὴν
932 1911 1062 1955 πόλιν,
1093 1911 1197 1961 παρὰ
1223 1909 1372 1951 πάντας
1398 1909 1488 1951 τοὺς
1514 1910 1578 1949 νό-
1603 1926 1617 1957 3

247 1994 343 2028 μους
360 1979 482 2029 νόμον
501 1977 732 2030 εἰσήνεγκεν
754 1977 832 2018 οὔτ’
857 1976 1078 2027 ἐπιτήδειον
1099 1977 1186 2017 οὔτε
1207 1976 1371 2022 δίκαιον,
1394 1974 1422 2015 ὦ
1443 1976 1580 2028 ἄνδρες

247 2047 445 2085 δικασταί·
483 2044 526 2087 ὃς
555 2046 603 2084 τὰ
634 2047 707 2095 μὲν
733 2044 824 2084 ἄλλ’
853 2045 930 2083 ὅσα
960 2046 1191 2093 λυμανεῖται
1218 2043 1279 2083 καὶ
1308 2046 1442 2096 χεῖρον
1472 2042 1579 2095 ἔχειν

247 2113 294 2151 τὰ
316 2114 426 2152 κοινὰ
445 2111 616 2162 ποιήσει,
647 2113 774 2163 κύριος
797 2112 830 2151 εἰ
856 2109 1080 2162 γενήσεται,
1109 2109 1213 2163 τάχα
1238 2109 1282 2159 δὴ
1305 2109 1388 2149 καθ’
1409 2111 1580 2150 ἕκαστον

292 2224 312 2254 8
344 2223 415 2264 δύο]
442 2223 590 2263 τέσσαρα
614 2222 650 2261 (i.
666 2232 694 2252 e.
726 2221 770 2259 δ’)
798 2221 894 2251 Blass
1005 2230 1027 2259 9
1058 2219 1132 2250 fort.
1153 2223 1218 2251 τῶν
1242 2220 1410 2260 πρέσβεων
1438 2219 1583 2250 Dindorf

253 2277 292 2298 10
322 2268 419 2308 πείσῃ
446 2291 451 2297 .
479 2291 484 2296 .
514 2290 521 2296 .
550 2264 727 2306 ἀντιδίκου]
754 2268 787 2297 ἐν
811 2265 927 2306 ὑποψίᾳ
952 2264 1023 2296 δοὺς
1051 2265 1134 2295 κατὰ
1160 2266 1218 2295 τοῦ
1246 2264 1405 2295 ἀντιδίκου
1430 2264 1526 2305 πείσῃ
1552 2262 1579 2292 T

254 2320 290 2348 13
315 2312 365 2342 ὅτι
382 2301 458 2341 a'dd.
478 2309 574 2340 sslass
591 2319 666 2339 cum
684 2309 789 2339 schol.
811 2319 841 2348 p.
863 2318 934 2346 740,
953 2308 974 2337 6
1140 2317 1197 2345 14-
1204 2316 1240 2345 15
1265 2308 1371 2339 καὶτὸ
1390 2308 1548 2339 ἄδικον..
1567 2330 1574 2336 .

250 2355 359 2386 δίδωσι
375 2353 452 2384 add.
474 2353 621 2384 Dindorf
634 2363 676 2383 ex
694 2352 732 2389 T,
753 2352 792 2383 cf.
811 2352 915 2382 schol.
937 2361 967 2390 p.
991 2360 1063 2389 730,
1085 2360 1101 2388 7
1241 2359 1278 2389 15
1303 2350 1439 2382 δυνατόν
1457 2349 1551 2380 codd.
1572 2361 1577 2378 ς

250 2397 406 2429 ἀδύνατον
425 2396 521 2427 Blass
621 2406 663 2427 20
687 2398 743 2428 τοῦ
761 2396 880 2428 δικαίου
898 2396 949 2426 καὶ
968 2404 1035 2425 om.
1055 2393 1153 2424 Blass
1171 2404 1244 2424 cum
1263 2394 1369 2425 schol.
1389 2404 1418 2433 p.
1445 2403 1517 2432 730,
1540 2403 1578 2432 13

251 2451 290 2479 27
317 2442 425 2482 ἄνδρες
442 2450 507 2471 orn.
528 2439 558 2469 A

1609 464 1623 482 ..ἶ

1607 486 1621 494 υ

1610 732 1645 754 10
