1737 2734
101 554 118 585 5

85 887 121 908 10

84 1219 120 1250 15

86 1553 124 1575 20

87 1885 124 1917 25

142 162 241 214 xxv]
405 162 534 202 KAT’
578 163 1128 202 ΑΡΙΣΤΟΓΕΙΤΟΝΟΣ
1177 165 1209 201 Α

139 269 255 310 αὐτὸς
297 268 456 322 ἔχωσας
496 267 660 318 λιμένας
711 267 773 307 καὶ
823 267 1037 319 προβόλων
1086 266 1325 317 ἐνέπλησας,
1371 266 1468 319 πρὸς

138 337 297 376 τούτους
323 335 600 387 προσορμίζου·
638 334 682 374 οὐ
710 335 783 386 γὰρ
810 335 973 374 δίκαιον.

208 404 257 442 Εἰ
285 403 417 442 τοίνυν
446 401 658 442 ἀκούσαιτε
691 402 752 441 καὶ
786 402 855 443 τὰς
890 401 1159 452 βλασφημίας
1194 401 1238 442 ἂς
1273 402 1370 440 κατὰ
1401 399 1472 450 τὴν

140 470 289 521 ἀγορὰν
325 469 485 519 περιιὼν
523 468 605 508 καθ’
643 469 749 518 ὑμῶν
786 467 940 520 ἔλεγεν,
978 467 1035 507 ἔτι
1073 470 1230 517 μᾶλλον
1269 467 1317 507 ἂν
1356 466 1474 508 αὐτὸν

139 535 367 586 μισήσαιτε,
404 536 467 575 καὶ
501 535 671 576 δικαίως.
747 534 850 586 φησὶ
888 536 963 586 γὰρ
997 534 1173 576 πολλοὺς
1208 535 1389 587 ὀφείλειν
1420 538 1473 588 τῷ

140 604 329 656 δημοσίῳ,
356 601 518 643 τούτους
543 601 576 641 δ’
598 601 777 643 ἅπαντας
798 602 953 651 ὁμοίους
980 600 1172 653 ὑπάρχειν
1199 603 1336 656 ἑαυτῷ.
1397 602 1474 653 ἐγὼ

141 672 181 709 δὲ
207 668 380 709 πολλοὺς
405 670 477 718 μὲν
503 668 602 708 εἶναι
623 668 714 709 τοὺς
734 667 993 721 ἠτυχηκότας,
1019 669 1053 708 εἰ
1080 668 1141 707 καὶ
1166 667 1222 708 δύ’
1242 669 1321 708 εἶσὶ
1345 668 1472 718 μόνοι,

141 739 350 788 συγχωρῶ·
389 736 506 775 παντὶ
540 737 614 787 γὰρ
643 736 804 776 πλείους
837 735 915 774 εἰσὶ
944 738 1012 774 τοῦ
1044 733 1213 781 δέοντος,
1243 736 1304 775 καὶ
1334 734 1475 774 οὐδένα

139 806 218 842 τῶν
236 801 373 841 ἄλλων
391 802 572 853 ὀφείλειν
593 802 684 842 ἔδει.
749 801 794 841 οὐ
820 801 956 851 μέντοι
980 803 1034 852 μὰ
1055 801 1144 842 τοὺς
1165 800 1275 843 θεοὺς
1295 801 1417 855 τούτῳ
1439 800 1474 852 γ’

139 868 332 922 ὑπάρχειν
357 868 513 918 ὁμοίους
539 869 670 918 οἴομαι
698 868 872 913 τούτους,
897 868 986 908 οὐδὲ
1007 872 1160 908 πολλοῦ
1186 870 1256 913 δεῖ,
1279 869 1386 907 ἀλλὰ
1412 868 1474 908 καὶ

141 935 379 974 τούναντίον.
451 934 598 974 οὑτωσὶ
623 936 664 975 δὲ
693 935 915 985 λογίζεσθε.
991 934 1052 974 καὶ
1084 934 1137 985 μή
1170 933 1209 985 μ’
1234 934 1472 985 ὑπολάβητ’,

141 999 171 1040 ὦ
196 1001 333 1052 ἄνδρες
359 1001 576 1050 Ἀθηναῖοι,
606 1001 657 1043 ὡς
686 1000 783 1053 πρὸς
813 1002 1053 1053 ὀφείλοντας
1083 1002 1182 1052 ὑμᾶς
1211 1005 1264 1055 τῷ
1293 1002 1472 1055 δημοσίῳ

142 1067 412 1119 διαλέγεσθαι·
450 1069 539 1108 οὔτε
567 1069 641 1120 γὰρ
670 1068 781 1108 ἔστιν
814 1067 912 1118 μήτε
946 1069 1100 1119 γένοιτο
1135 1072 1262 1113 τοῦτο,
1291 1067 1370 1107 οὔτ’
1394 1068 1473 1119 ἐγὼ

142 1135 298 1185 νομίζω.
370 1133 460 1174 ἀλλ’
486 1135 522 1175 εἴ
550 1132 603 1189 τῴ
633 1151 692 1176 τις
717 1133 776 1185 ἄρ’
804 1131 828 1184 ἢ
854 1135 973 1186 φίλος
1004 1131 1026 1184 ἦ
1059 1134 1253 1186 γνώριμός
1285 1136 1397 1174 ἐστιν
1431 1136 1473 1174 ἐν

141 1202 305 1247 τούτοις,
345 1201 396 1243 ὡς
435 1201 532 1253 ὑπὲρ
573 1201 712 1242 τούτου
757 1204 895 1241 τοῦτον
937 1200 1128 1253 προσήκει
1167 1205 1314 1251 μισεῖν,
1357 1205 1472 1241 τοῦτο

141 1268 341 1318 βούλομαι
366 1267 503 1319 δεῖξαι.
573 1271 728 1319 πρῶτον
750 1270 823 1318 μὲν
849 1269 909 1307 ὅτι
936 1268 1165 1319 ἀνθρώπους
1191 1269 1388 1313 ἐπιεικεῖς,
1415 1268 1473 1309 οἷς

143 1334 282 1387 ἐγγύαι
318 1335 380 1375 καὶ
407 1336 700 1387 φιλανθρωπίαι
737 1336 943 1386 γίγνονται
979 1335 1041 1374 καὶ
1070 1333 1270 1386 ὀφλήματ’
1296 1336 1387 1380 ἴδια,
1416 1335 1474 1376 οἷς

143 1402 188 1442 οὐ
222 1402 418 1452 πρόσεστι
451 1401 548 1442 κοίν’
581 1400 812 1451 ἀδικήματα,
852 1400 1089 1454 ἠτυχηκέναι
1122 1404 1162 1441 δὲ
1198 1401 1472 1452 συμβέβηκεν,

144 1470 198 1510 εἰς
238 1468 309 1518 τὴν
348 1469 486 1518 ὁμοίαν
528 1467 639 1518 τάξιν
685 1469 808 1522 ἑαυτῷ
851 1469 913 1508 καὶ
955 1469 1225 1519 βλασφημίαν
1266 1468 1366 1520 ἄγει,
1406 1467 1475 1507 οὐκ

143 1536 266 1586 ὀρθῶς
295 1535 383 1576 οὐδὲ
418 1535 708 1587 προσηκόντως.
781 1534 826 1574 οὐ
863 1536 939 1586 γὰρ
970 1535 1106 1584 ὅμοιόν
1139 1536 1262 1580 ἐστιν,
1290 1534 1472 1586 Ἀριστο-

144 1606 288 1653 γεῖτον,
316 1602 404 1642 οὐδὲ
437 1605 590 1642 πολλοῦ
622 1604 691 1647 δεῖ,
725 1600 937 1654 γράψαντά
972 1618 1018 1641 σε
1052 1605 1130 1641 τῶν
1163 1605 1338 1641 πολιτῶν
1370 1605 1474 1652 τρεῖς

144 1670 321 1720 ἀκρίτους
358 1669 587 1709 ἀποκτεῖναι
622 1668 781 1720 γραφὴν
820 1670 970 1708 ἁλῶναι
1010 1669 1246 1720 παρανόμων
1285 1668 1349 1708 καὶ
1386 1667 1475 1708 δέον

145 1752 193 1776 σε
218 1734 401 1776 τεθνάναι
426 1733 504 1786 [ἐπὶ
531 1732 664 1790 ταύτῃ]
683 1734 898 1786 τιμήματος
929 1738 1078 1788 τυχεῖν,
1100 1735 1163 1774 καὶ
1183 1736 1307 1786 φίλον
1332 1735 1473 1786 ἐγγυη-

146 1801 319 1852 σάμενον
351 1802 403 1853 μὴ
437 1802 629 1842 δύνασθαι
665 1801 802 1851 ζημίαν
842 1802 1142 1853 ἀπροσδόκητον
1175 1802 1363 1853 ἐνεγκεῖν·
1401 1800 1474 1854 οὐχ

145 1870 294 1919 ὅμοιον,
321 1869 379 1910 οὔ.
451 1867 573 1909 ἔπειθ’
601 1869 661 1908 ὅτι
685 1867 757 1918 τὴν
791 1868 925 1919 κοινὴν
952 1869 1255 1921 φιλανθρωπίαν
1284 1866 1336 1919 ἢν
1365 1869 1476 1920 ὑμεῖς

145 1935 249 1988 ἔχετ’
286 1937 327 1976 ἐκ
366 1936 527 1988 φύσεως
569 1935 665 1988 πρὸς
709 1934 912 1986 ἀλλήλους
952 1935 1065 1978 οὗτος
1101 1936 1254 1989 ἀναιρεῖ
1291 1936 1353 1977 καὶ
1391 1939 1473 1977 δια-

193 2057 205 2077 1
233 2048 417 2085 ἀνέπλησας
435 2047 458 2078 S
471 2047 501 2077 Y
642 2059 662 2087 3
688 2048 859 2081 ἀκούσαιτε
879 2049 1007 2080 Reiske
1024 2060 1031 2079 z
1056 2048 1216 2081 ἀκούσατε
1232 2048 1285 2078 vel
1304 2047 1475 2080 ἀκούσαιτε

146 2090 182 2121 S¹
207 2095 242 2120 ut
269 2091 424 2121 videtur:
461 2092 616 2125 ἀκούσετε
647 2092 671 2122 S
700 2102 784 2123 corr.
811 2093 926 2131 vulg:
962 2092 1095 2124 ἀκούετε
1125 2093 1154 2122 Α
1278 2093 1329 2123 καὶ
1358 2102 1423 2122 om.
1452 2091 1476 2122 F

145 2144 164 2173 5
200 2140 276 2173 post
307 2135 432 2166 δικαίως
463 2137 540 2167 add.
573 2136 782 2168 ἀποκτείνετε
813 2135 836 2166 S
865 2149 916 2177 γρ.
949 2136 974 2166 F
1000 2148 1074 2178 Ὑρ.;
1110 2136 1334 2167 ἀποκτείναιτε
1363 2135 1393 2165 Y
1419 2149 1471 2177 γρ.

144 2189 166 2216 9
188 2179 276 2216 πλὴν
293 2180 408 2209 τοῦτον
427 2184 502 2218 post
520 2181 631 2212 ἄλλων
648 2179 725 2210 add.
743 2179 774 2208 A
948 2190 986 2210 10
1011 2181 1061 2211 καὶ
1081 2179 1103 2209 S
1122 2179 1162 2209 al.
1182 2190 1188 2209 :
1213 2182 1277 2211 πᾶν
1295 2178 1320 2208 F
1336 2191 1342 2209 :
1365 2189 1429 2209 om.
1444 2178 1475 2208 A

149 2231 185 2260 17
217 2221 295 2261 ἴδια]
322 2221 427 2254 δίκαια
452 2223 475 2253 S
499 2237 549 2264 γρ.
571 2223 601 2253 Υ
625 2236 677 2263 γρ.
838 2232 875 2253 21
911 2235 948 2255 σε
974 2224 1096 2254 codd.:
1129 2226 1163 2254 δε
1189 2221 1251 2253 Sl:
1282 2222 1362 2252 secl.
1382 2221 1474 2252 Weil

145 2275 186 2294 22
210 2266 260 2296 καὶ
276 2270 355 2296 ante
370 2267 501 2308 γραφὴν
517 2267 596 2297 add.
615 2266 639 2296 S
656 2276 740 2296 corr.
891 2276 932 2304 23
957 2279 994 2298 σε
1010 2266 1158 2298 τεθνάναι
1177 2267 1227 2298 ἐπὶ
1244 2266 1346 2307 ταύτῃ
1364 2265 1388 2296 S
1404 2277 1411 2297 :
1436 2279 1475 2297 σε

147 2310 197 2340 ἐπὶ
214 2308 317 2351 ταύτῃ
334 2309 482 2341 τεθνάναι
500 2309 548 2340 F:
573 2311 624 2342 ἐπὶ
641 2309 743 2350 ταύτῃ
767 2322 804 2341 σε
826 2311 975 2342 τεθνάναι
993 2310 1043 2340 Α;
1077 2323 1114 2341 σε
1137 2315 1171 2340 et
1194 2311 1244 2341 ἐπὶ
1266 2309 1369 2351 ταύτῃ
1391 2309 1470 2340 secl.

146 2351 238 2382 Weil
328 2355 386 2385 τοῦ
401 2358 481 2384 ante
497 2353 676 2392 τιμήματος
692 2353 757 2383 add
788 2352 888 2383 Blass
904 2353 978 2384 coll.
1002 2352 1162 2383 Dinarch.
1182 2353 1204 2382 ii
1227 2363 1264 2382 12
1370 2353 1413 2383 26
1435 2353 1475 2384 τὸ

146 2397 215 2428 καθ’
239 2396 348 2429 αὑτόν·
380 2398 471 2428 ἴδοιτ’
493 2399 531 2428 ἂν
557 2399 672 2429 (ἴδοιτε
695 2394 723 2428 δ’
740 2397 793 2435 ἂν)
821 2398 968 2429 ἐντεῦθεν
992 2401 1069 2436 post
1092 2396 1264 2438 διαφθείρει
1288 2396 1362 2427 add.
1384 2396 1473 2435 vulg.

148 2439 171 2469 S
188 2453 240 2481 γρ.
258 2451 263 2470 :
289 2450 354 2470 om.
376 2440 399 2470 S
417 2452 424 2471 ε
448 2442 486 2472 τὸ
503 2441 570 2472 καθ’
588 2441 685 2472 αὑτὸν
702 2450 767 2470 om.
786 2438 817 2469 Α

192 2510 377 2537 ῡεΜοετΗ.,
395 2509 470 2532 vox..
492 2510 527 2531 11.
1303 2500 1344 2530 20

1504 163 1616 217 [795]

1505 408 1547 451 35

1505 939 1551 975 86

1504 1201 1623 1255 [796]
