1737 2734
132 170 204 224 xx]
520 175 681 214 ΠΡΟΣ
730 177 1067 214 AEHTINHN
1493 176 1611 233 [504]

133 282 382 331 καθίστησιν,
417 280 509 321 ἀλλ’
543 282 604 321 ὅτι
638 282 701 322 καὶ
735 282 977 333 παρανομίας
1011 281 1130 332 δόξαν
1161 282 1381 334 αἰσχίστην
1412 288 1461 339 τῇ

131 349 247 388 πόλει
273 349 515 388 καταλείπει.
576 350 664 389 ἴστε
689 350 765 400 γὰρ
791 347 915 398 δήπου
940 347 1046 388 τοῦθ’
1072 349 1133 388 ὅτι
1156 352 1235 389 τῶν
1259 351 1307 388 τὰ
1332 350 1457 389 δεινό-

128 414 215 454 ταθ’
239 414 339 465 ἡμᾶς
364 415 643 455 ἀδικούντων
628 432 670 455 εν
696 415 850 469 ἑκάστῳ
873 415 1006 466 τίμημ’
1025 414 1194 467 ὑπάρχει
1218 417 1280 454 δια
1305 418 1373 456 τὸν
1393 417 1458 456 νό-

127 498 215 531 μον,
243 480 286 523 ὃς
304 480 514 533 διαρρήδην
538 481 651 534 λέγει
677 483 796 532 “μηδε
823 477 888 531 [ὡς
912 478 1005 535 χρη]
1026 481 1160 532 τίμημ’
1176 481 1370 534 ὑπάρχειν
1395 484 1459 523 ἐπὶ

90 567 107 597 5
130 549 257 599 κρίσει
293 547 417 588 πλέον
453 545 476 598 ἢ
514 549 569 601 ἕν,
611 548 802 599 ὁπότερον
837 547 886 588 ἂν
921 548 966 587 τὸ
1005 547 1258 599 δικαστήριον
1295 547 1456 605 τιμήσῃ,

128 611 312 655 παθεῖν
292 632 316 664 η
349 615 573 655 ἀποτεῖσαι·
626 615 833 667 ἀμφότερα
866 617 907 655 δε
935 632 988 666 μη
1015 614 1191 665 εξέστωῖ
1262 615 1353 655 ἀλλ’
1385 616 1457 669 οὐχ
1493 622 1559 667 156

127 681 240 723 οὗτος
275 680 476 735 ἐχρήσατο
512 682 636 736 τούτῳ
671 685 725 736 τῷ
761 681 903 736 μέτρῳ,
937 681 1029 722 ἀλλ’
1063 681 1133 722 ἐάν
1163 699 1220 723 τις
1257 682 1458 739 ἀπαιτήσῃ

126 747 244 801 χάριν
262 749 373 799 ὑμᾶς,
396 751 405 766 ‘
424 748 561 799 ἄτιμος
580 747 706 789 ἔστω’
726 748 829 800 φησὶ
851 751 860 766 ‘
878 749 941 789 καὶ
960 748 982 799 ἡ
1002 749 1120 789 οὐσία
1136 751 1308 799 δημοσία
1327 749 1458 790 ἔστω.’

125 815 194 855 δύο
213 814 412 866 τιμήματα
435 819 569 856 ταῦτα.
643 818 652 832 ‘
670 814 768 856 εἶναι
789 817 830 856 δὲ
856 816 919 855 καὶ
939 814 1123 865 ἐνδείξεις
1143 816 1207 855 καὶ
1226 816 1456 869 ἀπαγωγάς·

67 899 106 921 10
127 883 196 922 ἐὰν
216 881 249 921 δ’
276 884 373 937 ἁλῷ,
395 882 536 936 ἔνοχος
555 883 659 923 ἔστω
678 886 730 937 τῷ
756 883 862 936 νόμῳ
881 881 925 924 ὃς
949 885 1085 927 κεῖται,
1108 881 1177 922 ε’άν
1202 899 1261 924 τις
1279 883 1457 935 ὀφείλων

627 949 798 989 θάνατον
833 948 958 1001 λέγει·
1009 952 1124 988 τοῦτο
1162 948 1240 1001 γάρ
1274 949 1359 989 ἐστ’
1394 950 1456 990 ἐπ’

548 948 557 962 5

124 948 229 1005 ἄρχῃ
265 953 318 1004 Τῷ
355 950 544 1004 δημοσίῳ·

124 1016 261 1071 ἐκείνῳ
287 1015 544 1066 τούπιτίμιον.
605 1016 744 1057 οὐκοῦν
763 1016 851 1067 τρία
868 1014 1068 1067 τιμήματα
1086 1019 1220 1056 ταῦτα.
1281 1020 1363 1058 πῶς
1388 1017 1456 1058 οὖν

124 1082 169 1122 οὐ
194 1082 387 1136 σχέτλιον
412 1084 475 1123 καὶ
492 1083 634 1129 δεινόν,
662 1081 692 1122 ὦ
718 1082 855 1134 ἄνδρες
874 1082 1092 1133 Ἀθηναῖοι,
1115 1084 1149 1124 εἰ
1172 1084 1455 1136 χαλεπώτερον

124 1148 225 1190 εἶναι
261 1149 352 1202 παρ’
388 1151 478 1200 ὑμῖν
515 1148 620 1200 δόξει
655 1149 772 1204 χάριν
808 1150 850 1190 εὖ
886 1148 1096 1201 ποιήσαντ’
1132 1150 1316 1191 ἀπαιτεῖν
1350 1147 1374 1200 ἢ
1407 1153 1455 1191 τὰ
1487 1152 1602 1207 [505]

65 1233 102 1266 15
123 1216 314 1257 δεινότατ’
341 1217 604 1269 ἐργαζόμενον
628 1218 851 1269 ληφθῆναι;

190 1284 380 1338 Αἰσχρός,
415 1281 445 1323 ὦ
474 1283 613 1336 ἄνδρες
642 1283 859 1334 Ἀθηναῖοι,
887 1283 950 1324 καὶ
979 1288 1106 1326 κακῶς
1136 1285 1240 1338 ἔχων
1270 1285 1291 1324 ὁ
1319 1285 1451 1336 νόμος,
1490 1300 1552 1337 157

123 1351 186 1391 καὶ
215 1351 350 1402 ὅμοιος
380 1351 517 1405 φθόνῳ
548 1351 624 1391 τινὶ
662 1352 724 1391 καὶ
761 1352 967 1405 φιλονικίᾳ
1005 1351 1173 1392 καὶ-τὸ
1207 1351 1351 1392 λοιπὸν
1388 1354 1452 1392 ἐῶ·

121 1417 314 1459 τοιούτοις
338 1417 381 1458 δέ
410 1434 518 1458 τισιν
547 1417 757 1471 προσέοιχ’
783 1418 804 1457 ὁ
833 1417 1002 1471 γράφων
1036 1420 1225 1472 χρῆσθαι.
1295 1420 1388 1470 ὑμῖν
1418 1420 1452 1459 δ’

121 1484 211 1537 οὐχὶ
243 1484 383 1537 πρέπει
411 1486 461 1524 τὰ
497 1488 658 1524 τοιαῦτα
690 1487 911 1536 μιμεῖσθαι,
947 1484 1026 1525 οὐδ’
1060 1484 1203 1536 ἀνάξια
1234 1486 1452 1538 φαίνεσθαι

62 1572 101 1594 20
121 1555 366 1603 φρονοῦντας
390 1553 496 1603 ὑμῶν
522 1550 663 1592 αὐτῶν.
734 1551 833 1604 φέρε
863 1553 938 1604 γὰρ
968 1551 1065 1604 πρὸς
1092 1553 1203 1598 Διός,
1225 1553 1266 1593 τί
1286 1552 1451 1603 μάλιστ’

119 1617 169 1658 ἂν
193 1617 460 1669 ἀπευξαίμεθα
489 1617 646 1664 πάντες,
675 1618 736 1658 καὶ
769 1620 811 1659 τί
837 1618 1000 1670 μάλιστ’
1034 1620 1077 1660 ἐν
1107 1618 1234 1660 ἅπασι
1263 1621 1447 1660 διεσπού-

120 1687 263 1726 δασται
287 1689 369 1727 τοῖς
394 1686 547 1736 νόμοις,·
587 1686 695 1727 ὅπως
727 1685 780 1736 μὴ
806 1684 1043 1738 γενήσονται
1069 1688 1105 1727 οἱ
1131 1687 1220 1738 περὶ
1245 1685 1449 1737 ἀλλήλους

119 1752 251 1803 φόνοι,
278 1752 367 1804 περὶ
391 1753 445 1792 ὧν
471 1750 710 1803 ἐξαίρετοςὴ
736 1751 867 1803 βουλὴ
895 1751 1077 1804 φύλαξὴ
1105 1754 1146 1794 ἐν
1168 1753 1308 1808 Ἀρείῳ
1333 1753 1448 1808 πάγῳ

118 1817 314 1859 τέτακται.
373 1820 416 1859 ἐν
434 1820 566 1859 τοίνυν
584 1822 666 1860 τοῖς
685 1819 774 1870 περὶ
798 1819 947 1859 τούτων
972 1820 1107 1870 νόμοις
1127 1820 1148 1859 ὁ
1175 1820 1344 1871 Δράκων
1370 1826 1447 1872 φο·
1483 1827 1548 1872 158

2 1892 5 1935 j
58 1905 95 1935 25
117 1884 240 1936 βερὸν
257 1885 558 1935 κατασκευάζων
579 1885 641 1925 καὶ
658 1885 786 1926 δεινὸν
804 1886 852 1925 τό
869 1885 942 1926 τιν’
962 1886 1158 1939 αὐτόχειρ’
1177 1887 1304 1927 ἄλλον
1321 1887 1448 1928 ἄλλου

116 1952 338 2003 γίγνεσθαι,
366 1952 430 1992 καὶ
454 1951 622 2004 γράφων
645 1951 835 2005 χέρνιβος
859 1954 1065 2005 εἴργεσθαι
1088 1953 1157 1994 τὸν
1181 1954 1442 2006 ἀνδροφόνον,

116 2021 314 2065 σπονδῶν,
338 2019 551 2071 κρατήρων,
575 2020 700 2070 ἱερῶν,
723 2019 883 2071 ἀγορᾶς,
903 2018 1031 2059 πάντα
1054 2019 1185 2060 τᾶλλα
1201 2021 1368 2061 διελθὼν
1387 2022 1445 2062 οἷς

7 2078 8 2118 ¹
112 2083 277 2133 μάλιστ’
303 2085 349 2126 ἄν
374 2101 482 2127 τινας
509 2085 594 2140 ᾤετ’
621 2086 806 2139 ἐπισχεῖν
824 2089 894 2126 τοῦ
917 2087 1095 2126 τοιοῦτόν
1119 2103 1156 2126 τι
1175 2091 1317 2134 ποιεῖν,
1339 2088 1443 2138 ὅμως

8 2206 9 2209 ¹
113 2150 181 2190 οὐκ
217 2152 406 2204 ἀφείλετο
438 2151 510 2203 τὴν
545 2155 613 2192 τοῦ
648 2152 796 2192 δικαίου
831 2151 956 2203 τάξιν,
994 2152 1088 2193 ἀλλ’
1117 2154 1256 2203 ἔθηκεν
1286 2153 1352 2205 ἐφ’
1384 2155 1443 2196 οἷς

0 2210 11 2263 ,²
52 2237 92 2267 3ο
113 2216 260 2267 ἐξεῖναι
284 2219 578 2264 ἀποκτιννύναι,
600 2218 672 2259 κᾶν
698 2219 798 2259 οὕτω
817 2235 875 2260 τις
900 2218 1041 2275 δράσῃ,
1062 2219 1231 2271 καθαρὸν
1257 2220 1442 2272 διώρισεν

156 2336 169 2356 1
196 2328 390 2368 παρανομίας
408 2338 512 2367 marg.
534 2327 708 2360 Lambini:
735 2329 904 2370 παρανοίας
922 2329 1018 2360 codd.
1189 2340 1208 2367 4
1234 2331 1274 2362 ὡς
1290 2331 1356 2371 χρη
1373 2330 1438 2361 del.

111 2370 146 2400 F.
163 2370 207 2401 A.
226 2370 326 2401 Wolf
492 2381 508 2408 7
533 2385 662 2412 μετριωι
681 2371 717 2402 S¹
890 2382 927 2410 17
952 2373 1134 2414 φιλονεικίᾳ
1151 2373 1260 2412 codd„
1281 2374 1320 2404 es.
1340 2377 1355 2410 §
1377 2383 1436 2412 144

108 2412 327 2485 ῗξέςξῖνιβος
346 2415 369 2445 5
384 2414 409 2445 L
420 2414 450 2445 Y
461 2414 492 2445 O
506 2415 612 2446 schol.
627 2425 657 2454 p.
672 2424 746 2455 525,
760 2425 824 2446 20:
849 2416 1009 2457 χερνιβων
1023 2416 1110 2455 vulg.
1125 2416 1149 2447 S
1161 2429 1213 2457 γρ.
1306 2417 1348 2448 28
1364 2429 1437 2449 τινα
