1737 2734
154 163 225 219 xx]
540 169 702 207 ΠΡΟΣ
752 169 1092 207 ΛΕΠΤΙΝΗΝ
1510 168 1635 224 [499]

153 272 314 323 φθόνος,
343 272 405 312 καὶ
437 271 506 312 οὐκ
532 272 618 325 ἔχει
646 273 853 325 πρόφασιν
879 272 926 312 δι’
952 271 1000 322 ἣν
1033 271 1082 312 ἂν
1105 271 1220 325 τύχοι
1245 271 1482 324 συγγνώμης

153 339 173 378 ὁ
193 342 305 378 τοῦτο
325 339 546 380 πεπονθώς.
607 337 691 380 εἶτα
710 339 773 379 καὶ
798 338 877 379 οὐδ’
899 339 1011 379 ἔστιν
1036 340 1187 381 ὄνειδος
1212 340 1303 378 ὅτου
1327 338 1480 390 πορρώ-

152 406 265 457 τερόν
291 405 376 445 ἐσθ’
396 405 506 456 ἡμῶν
530 405 553 455 ἡ
579 406 696 447 πόλις
721 402 744 455 ἢ
770 409 838 446 τοῦ
863 407 1039 458 φθονερὰ
1064 408 1195 446 δοκεῖν
1221 405 1333 450 εῖναι,
1356 404 1479 445 ἁπάν-

152 488 231 512 των
267 471 476 525 ἀπέχουσα
513 476 592 512 τῶν
628 473 822 525 αἰσχρῶν.
893 471 1081 524 τεκμήρια
1116 471 1150 512 δ’
1189 472 1309 522 ἡλίκα
1345 472 1484 512 τούτου
1519 489 1579 522 141

114 557 130 587 5
153 537 393 590 θεωρήσατε.
464 543 620 591 πρῶτον
643 541 717 589 μὲν
745 540 859 589 μόνοι
883 543 962 579 τῶν
992 538 1151 580 πάντων
1176 539 1394 592 ἀνθρώπων
1419 539 1484 579 ἐπὶ

152 609 234 646 τοῖς
261 604 530 656 τελευτήσασι
559 607 730 660 δημοσίᾳ
758 603 837 657 [καὶ
862 609 947 648 ταῖς
971 609 1117 658 ταφαῖς
1146 609 1231 648 ταῖς
1261 604 1483 658 δημοσίαις]

152 676 300 713 ποιεῖτε
329 673 475 725 λόγους
504 674 750 725 ἐπιταφίους,
777 674 821 713 ἐν
850 673 909 715 οῖς
938 676 1122 723 κοσμεῖτε
1149 674 1198 713 τὰ
1223 675 1300 713 τῶν
1325 673 1484 724 ἀγαθῶν

153 739 306 790 ἀνδρῶν
339 740 449 792 ἔργα.
523 740 648 780 καίτοι
678 739 782 779 τοῦτ’
815 740 902 780 ἔστι
935 738 1226 790 τούπιτήδευμα
1260 739 1485 789 ζηλούντων
1517 740 1636 796 [500]

153 805 310 857 ἀρετήν,
344 806 389 846 οὐ
419 809 501 848 τοῖς
530 807 595 847 ἐπὶ
628 806 748 862 ταύτῃ
786 805 1020 857 τιμωμένοις
1058 806 1328 858 φθονούντων.
1401 806 1485 846 εἶτα

96 888 132 910 ιο
151 873 343 924 μεγίστας
379 873 499 914 δίδοτ’
535 875 578 913 ἐκ
614 873 760 914 παντὸς
796 876 865 913 τοῦ
900 873 1046 925 χρόνου
1081 875 1245 925 δωρειὰς
1276 876 1359 915 τοῖς
1394 873 1486 915 τοὺς

151 940 362 991 γυμνικοὺς
388 944 550 980 νικῶσιν
575 940 730 992 ἀγῶνας
754 939 845 981 τοὺς
867 940 1123 992 στεφανίτας,
1152 940 1213 979 καὶ
1239 939 1324 992 οὐχ,
1352 940 1413 980 ὅτι
1437 945 1486 996 τῇ

153 1006 276 1057 φύσει
308 1007 456 1047 τούτων
486 1008 641 1059 ὀλίγοις
668 1006 869 1058 μέτεστιν,
901 1005 1155 1059 ἐφθονήσατε
1188 1010 1270 1049 τοῖς
1305 1008 1483 1060 ἔχουσιν,

152 1072 233 1113 οὐδ’
259 1073 445 1115 ἐλάττους
472 1074 651 1124 ἐνείματε
675 1075 746 1116 τὰς
770 1075 885 1124 τιμὰς
915 1074 978 1114 διὰ
1002 1077 1136 1114 ταῦτα.
1207 1073 1304 1125 πρὸς
1328 1076 1370 1114 δὲ
1394 1074 1482 1114 τού-

151 1155 234 1181 τοις
259 1140 449 1182 τοιούτοις
469 1140 583 1181 οῧσιν
603 1140 729 1182 οὐδεὶς
747 1141 907 1181 πώποτε
927 1140 998 1191 τὴν
1021 1141 1142 1181 πόλιν
1164 1141 1274 1191 ἡμῶν
1294 1139 1336 1181 εὗ
1361 1144 1486 1181 ποιῶν

95 1221 130 1253 15
152 1208 262 1247 δοκεῖ
288 1209 458 1257 νικῆσαι·
501 1207 699 1250 τοσαύτας
727 1208 957 1259 ὑπερβολὰς
989 1211 1068 1247 τῶν
1097 1210 1270 1259 δωρειῶν
1303 1208 1365 1249 αἷς
1398 1207 1483 1247 ἀντ’

153 1273 194 1313 εὖ
223 1278 339 1319 ποιεῖ,
368 1273 631 1327 παρέσχηται.
703 1274 792 1315 ἔστι
820 1275 952 1314 τοίνυν
979 1274 1108 1314 πάντα
1136 1273 1259 1320 ταῦτ’,
1287 1272 1317 1314 ὦ
1346 1273 1484 1326 ἄνδρες
1519 1292 1583 1326 142

152 1339 369 1390 Ἀθηναῖοι,
397 1342 660 1391 δικαιοσύνης,
687 1342 841 1393 ἀρετῆς,
873 1342 1182 1394 μεγαλοψυχίας
1210 1342 1482 1393 ἐπιδείγματα.

151 1406 203 1456 μὴ
229 1408 362 1448 τοίνυν
387 1407 434 1448 δι’
459 1408 483 1448 ἃ
508 1407 632 1449 πάλαι
656 1409 762 1461 παρὰ
791 1407 920 1448 πάντα
949 1407 1018 1448 τὸν
1047 1409 1194 1461 χρόνον
1218 1408 1241 1458 ἡ
1267 1408 1384 1450 πόλις
1418 1410 1480 1449 εὐ-

2 1480 3 1503 ¹
153 1473 270 1524 δοξεῖ,
297 1474 404 1515 ταῦτ’
429 1474 598 1525 ἀνέλητε
629 1478 710 1516 νῦν·
748 1474 838 1526 μηδ’
863 1476 927 1515 ἵνα
952 1476 1151 1525 Λεπτίνης
1171 1476 1249 1528 ἰδίᾳ
1273 1477 1396 1520 τισίν,
1424 1476 1483 1517 οἷς

93 1556 131 1578 20
152 1541 278 1591 ἀηδῶς
297 1541 394 1595 ἔχει,
418 1541 634 1598 ἐπηρεάσῃ,
655 1544 725 1592 τῆς
743 1542 897 1583 πόλεως
917 1541 1127 1594 ἀφέλησθε
1149 1543 1210 1582 καὶ
1230 1543 1337 1593 ὑμῶν
1356 1541 1483 1582 αὐτῶν

150 1606 200 1657 ἣν
224 1610 288 1648 διὰ
317 1609 463 1651 παντὸς
492 1609 552 1649 ἀεὶ
577 1612 645 1649 τοῦ
673 1609 819 1662 χρόνου
848 1606 967 1658 δόξαν
998 1608 1190 1659 κέκτησθε
1218 1607 1357 1659 καλήν·
1393 1609 1483 1660 μηδ’

4 1676 9 1715 Ῑῑ
150 1675 448 1726 ὑπολαμβάνετ’
474 1676 575 1716 εἶναι
599 1675 668 1716 τὸν
688 1677 822 1728 ἀγῶνα
841 1675 947 1716 τόνδ’
972 1676 1070 1727 ὑπὲρ
1096 1675 1223 1716 ἄλλου
1246 1675 1352 1717 τινὸς
1371 1672 1394 1725 ἢ
1415 1679 1483 1715 τοῦ

6 1763 13 1808 '⁴'
151 1744 219 1792 τῆς
239 1743 393 1785 πόλεως
413 1741 646 1793 ἀξιώματος,
668 1743 838 1794 πότερον
857 1742 951 1782 αὐτὸ
968 1745 1027 1783 δεῖ
1038 1746 1122 1783 σῶν
1142 1743 1242 1783 εῖναι
1263 1743 1325 1783 καὶ
1344 1743 1483 1794 ὅμοιον

8 1809 13 1843 1
150 1812 203 1862 τῷ
230 1809 418 1864 προτέρῳ,
444 1806 468 1859 ἦ
492 1808 734 1860 μεθεστάναι
760 1809 821 1849 καὶ
847 1808 1102 1860 λελυμάνθαι.

0 1863 14 1879 ⁷³
92 1889 128 1921 25
220 1878 366 1916 Πολλὰ
385 1879 427 1917 δὲ
447 1875 654 1927 θαυμάζων
673 1877 869 1917 Λεπτίνου
890 1877 986 1915 κατὰ
1005 1876 1074 1917 τὸν
1092 1877 1225 1926 νόμον,
1243 1876 1284 1917 ἓν
1303 1875 1482 1927 μάλιστα
1515 1888 1579 1924 143

150 1943 376 1994 τεθαύμακα
401 1942 574 1989 πάντων,
602 1945 638 1984 εἰ
667 1942 783 1984 ἐκεῖν’
809 1942 1017 1995 ἠγνόηκεν,
1044 1944 1104 1983 ὅτι
1128 1944 1264 1995 ὥσπερ
1288 1942 1338 1984 ἂν
1364 1945 1401 1984 εἴ
1422 1960 1481 1986 τις

149 2009 327 2061 μεγάλας
351 2011 420 2052 τὰς
445 2011 631 2062 τιμωρίας
655 2013 733 2051 τῶν
758 2009 1008 2060 ἀδικημάτων
1032 2009 1178 2055 τάττοι,
1199 2009 1266 2050 οὐκ
1292 2010 1341 2050 ἂν
1365 2009 1482 2052 αὐτός

149 2075 186 2126 γ’
216 2077 365 2117 ἀδικεῖν
393 2076 718 2129 παρεσκευάσθαι
748 2075 873 2127 δόξαι,
907 2077 1042 2122 οὕτως,
1074 2077 1121 2117 ἄν
1152 2093 1212 2119 τις
1241 2077 1382 2134 ἀναιρῇ
1410 2079 1480 2118 τὰς

192 2197 211 2216 2
243 2187 307 2218 οὐδ’
333 2186 495 2217 SLOP:
529 2186 620 2219 οὐδὲν
644 2186 733 2225 vulg.
753 2198 760 2217 ε
792 2188 848 2217 οὐκ
872 2185 903 2215 Α
919 2184 1019 2216 Vind.
1044 2196 1054 2215 1
1179 2187 1378 2227 πορρώτερον
1403 2186 1477 2217 SL¹

150 2230 257 2260 Bekk.
275 2231 404 2260 Anecd.
425 2241 456 2269 p.
478 2240 535 2261 111
555 2241 562 2260 ε
586 2230 772 2271 πορρωτέρω
791 2234 867 2260 cett.
1059 2239 1079 2268 3
1103 2230 1192 2269 ἡμῶν
1208 2236 1287 2260 ante
1305 2231 1324 2268 ἡ
1342 2230 1436 2263 πόλις
1456 2232 1479 2260 5

151 2274 241 2311 (cum
256 2274 362 2313 signis
375 2274 638 2313 transponendi)
656 2273 680 2303 L
696 2285 703 2304 :
729 2278 807 2312 post
820 2274 839 2311 ἡ
851 2271 946 2304 πόλις
960 2276 1038 2303 cett.
1129 2275 1150 2303 6
1173 2276 1242 2305 τοῖς
1258 2274 1479 2312 τελευτήσασι

149 2318 287 2358 δημοσίᾳ
304 2318 354 2349 καὶ
372 2317 436 2348 del.
458 2317 557 2348 Blass
657 2318 709 2349 καὶ
726 2319 797 2349 ταῖς
815 2318 931 2356 ταφαῖς
947 2318 1019 2348 ταῖς
1036 2317 1203 2355 δημοσίαις
1219 2319 1342 2348 ποιεῖτε
1360 2317 1479 2358 λόγους

149 2360 173 2390 S
190 2360 227 2390 L¹
243 2361 272 2390 Y
285 2360 315 2390 O
329 2361 374 2390 P:
400 2362 452 2393 καὶ
469 2363 539 2393 ταῖς
556 2363 673 2400 ταφαῖς
689 2362 760 2393 ταῖς
777 2360 944 2399 δημοσίαις
961 2359 1026 2390 del.
1044 2359 1083 2390 G.
1102 2359 1145 2390 H.
1163 2360 1349 2390 Schaeserz
1373 2362 1478 2399 ταφὰς

148 2406 270 2436 ποιεῖτε
295 2405 346 2436 καὶ
375 2404 494 2445 λόγους
517 2403 549 2433 Α
572 2404 670 2435 Vind.
702 2413 741 2433 1:
776 2404 834 2436 τὰς
861 2403 967 2444 ταφὰς
994 2405 1135 2434 ποιεῖσθε
1166 2404 1215 2435 καὶ
1243 2404 1362 2444 λόγους
1387 2403 1478 2434 FX:

148 2448 252 2487 ταφὰς
270 2450 413 2480 ποιεῖσθε
431 2449 481 2479 καὶ
499 2447 617 2488 λόγους
635 2447 660 2478 S
675 2460 727 2488 γρ.
748 2447 772 2477 F
788 2459 840 2487 γρ.
976 2456 1016 2484 27
1041 2447 1098 2479 τὰς
1116 2456 1180 2477 om.
1200 2446 1231 2477 A
