1737 2734
57 148 180 202 [646]

138 591 184 624 80

71 851 185 905 [647]

138 1253 177 1288 81

637 149 1122 188 ΔΗΜΟΣΘΕΝΟΎΣ
1417 145 1539 199 [xxm

211 252 283 302 ἤδη
305 252 540 303 κεκριμένων
560 252 734 301 τοσαύτη
755 251 921 302 σπουδή,
940 254 1045 294 ὅπως
1064 253 1189 305 λόγου
1209 253 1271 293 καὶ
1292 254 1456 304 κρίσεως
1477 256 1540 294 καὶ

211 318 369 358 πάντων
389 318 505 358 ὁπόσ’
523 319 610 358 ἐστὶ
630 320 758 358 δίκαια
778 318 981 369 τεύξονται
1000 320 1087 369 περὶ
1107 323 1184 358 τῶν
1203 321 1370 370 ὕστερον
1389 321 1537 366 αἰτιῶν,

211 383 235 433 ἦ
256 401 330 424 που
351 386 440 435 περί
463 401 507 436 γε
533 388 600 424 τοῦ
624 385 715 435 μήθ’
738 386 960 427 ἑαλωκότος
984 384 1073 435 μήτ’
1095 385 1347 437 ἐγνωσμένου
1372 387 1539 437 πότερον

213 450 396 502 δέδρακεν
416 447 438 500 ἢ
459 449 504 490 οὒ
530 451 591 490 καὶ
611 451 742 502 πότερ’
765 451 867 491 ἄκων
888 449 910 501 ἢ
934 452 1045 497 ἑκών,
1069 452 1278 492 πάνδεινον
1299 452 1467 504 γράφειν
1488 453 1539 494 ὡς

213 516 394 557 ἐκδοτέον
419 520 500 559 τοῖς
525 519 776 568 ἐγκαλοῦσιν.

274 583 368 622 ’‘E-n
391 585 522 623 τοίνυν
548 583 632 623 ἔσθ’
658 585 750 634 ἕκτη
776 586 941 636 τιμωρία
966 584 1060 636 πρὸς
1091 584 1264 625 ἁπάσαις
1289 585 1458 629 ταύταις,
1491 584 1538 633 ἣν

215 651 359 699 ὁμοίως
391 652 576 701 παραβὰς
608 650 809 702 γέγραφεν
840 651 884 690 τὸ
914 650 1096 702 ψήφισμ’
1124 652 1272 690 οὑτοσί.
1345 653 1378 690 εἰ
1411 651 1538 691 πάντα

214 715 337 756 ταῦτά
366 733 424 758 τις
453 716 657 768 ἠγνόηκεν,
685 714 706 766 ἢ
738 718 800 757 καὶ
832 718 1158 768 παρεληλύθασιν
1187 719 1223 757 οἱ
1252 719 1389 770 χρόνοι
1415 719 1456 757 ἐν
1481 719 1538 759 οἷς

217 783 295 823 ἔδει
319 784 468 822 τούτων
489 784 638 822 ἕκαστα
664 787 802 829 ποιεῖν,
825 781 847 833 ἦ
873 784 922 823 δι’
948 784 1049 823 ἄλλο
1070 801 1106 823 τι
1133 783 1220 837 οὐχὶ
1240 786 1430 834 βούλεται
1449 785 1535 823 τού-

216 865 304 891 τους
323 849 412 891 τοὺς
431 851 597 901 τρόπους
616 849 825 900 ἐπεξιέναι,
848 849 917 890 τὸν
939 851 1186 902 ἀνδροφόνον
1212 850 1244 890 δ’
1265 852 1334 905 ὁρᾷ
1355 850 1538 902 περιιόντ’

216 917 259 956 ἐν
287 919 369 958 τοῖς
399 918 517 967 ἱεροῖς
544 917 606 956 καὶ
633 919 727 956 κατα
748 916 818 966 τὴν
841 917 1001 969 ἀγοράν,
1031 916 1199 968 ἀπάγειν
1231 916 1387 966 ἔξεστιν
1418 918 1471 959 εἰς
1495 921 1538 956 τό

215 981 498 1034 δεσμωτήριον,
526 983 593 1022 οὐκ
627 983 750 1023 οἴκαδ’
777 983 855 1023 οὐδ’
885 985 974 1023 ὅποι
1007 984 1209 1033 βούλεται,
1237 984 1372 1035 ὥσπερ
1403 983 1452 1023 σὺ
1480 983 1538 1023 δέ·

213 1051 352 1090 δωκας.
415 1049 594 1089 κάνταῦθ’
621 1050 815 1102 ἀπαχθεὶς
840 1049 919 1089 οὐδ’
946 1051 1088 1095 ὁτιοῦν,
1111 1051 1201 1100 πρὶν
1228 1049 1275 1089 ἂν
1303 1050 1425 1106 κριθῇ,
1453 1051 1534 1090 πεί-

214 1132 339 1161 σεται,
368 1115 460 1155 ἀλλ’
493 1117 561 1155 ἐὰν
586 1119 657 1165 μὲν
684 1118 780 1170 ἁλῷ,
810 1115 963 1170 θανάτῳ
992 1115 1291 1166 ζημιωθήσεται,
1321 1118 1389 1156 ἐὰν
1414 1118 1454 1156 δὲ
1486 1116 1537 1166 μὴ

211 1182 424 1237 μεταλάβῃ
443 1182 487 1222 τὸ
513 1182 691 1232 πέμπτοι·
710 1182 826 1234 μέρος
851 1186 929 1222 τῶν
948 1182 1101 1235 ψήφων
1118 1183 1137 1222 ὁ
1154 1183 1384 1234 ἀπαγαγών,
1406 1184 1539 1236 χιλίας

214 1249 508 1300 προσοφλήσει.
571 1249 662 1289 ἀλλ’
685 1249 758 1302 οὐχ
783 1249 894 1291 οὗτος
920 1250 1074 1301 ἔγραψε
1091 1253 1222 1294 ταῦτα,
1251 1250 1356 1289 ἀλλὰ
1382 1249 1539 1300 τὸνμὲν

213 1316 337 1369 ἀθῷον
362 1317 576 1362 αἰτιᾶσθαι,
599 1316 667 1356 τὸν
693 1316 725 1356 δ’
752 1316 909 1367 ἄκριτον
931 1316 1155 1368 παραχρῆμ’
1182 1317 1419 1356 ἐκδίδοσθαι.
1491 1316 1539 1355 ἂν

213 1382 255 1422 δέ
280 1398 338 1424 τις
364 1382 579 1433 ἀνθρώπων
605 1379 628 1432 ἢ
655 1384 716 1422 καὶ
742 1384 814 1433 ὅλη
851 1384 966 1424 πόλις
993 1383 1199 1424 τοσούτοις
1226 1384 1403 1433 νομίμοις
1428 1383 1536 1423 ἀναι-

212 1448 415 1499 ρουμένοις
435 1450 544 1490 ὅσοις
565 1450 643 1501 ἐγὼ
669 1447 940 1499 διεξελήλυθα,
966 1450 1028 1489 καὶ
1048 1450 1253 1491 τοσούτοις
1272 1451 1539 1500 δικαστηρίοις

215 1515 518 1566 καταλυομένοις
537 1517 648 1558 ὅσοις
670 1518 816 1568 εἴρηκα,
839 1517 862 1556 ἃ
883 1517 964 1556 θεοὶ
988 1515 1214 1565 κατέδειξαν
1235 1516 1296 1555 καὶ
1316 1518 1413 1566 μετὰ
1432 1515 1538 1556 ταῦτ’

212 1583 410 1634 ἄνθρωποι
426 1587 598 1635 χρῶνται
614 1583 741 1623 πάντα
756 1583 824 1623 τὸν
842 1584 999 1636 χρόνον,
1012 1581 1198 1638 βοηθήσῃ
1219 1584 1279 1622 καὶ
1295 1583 1362 1622 τὸν
1381 1583 1537 1634 ὑβριζό-

212 1666 331 1699 μενον
368 1651 430 1689 καὶ
468 1650 818 1701 παρανομούμενον
855 1649 1067 1702 ἀφέληται,
1103 1650 1324 1689 ἔκσπονδον
1363 1649 1540 1701 ἔγραψεν

213 1716 325 1762 εἶναι,
349 1716 411 1755 καὶ
437 1717 525 1757 οὐδὲ
545 1717 668 1771 τούτῳ
688 1718 813 1768 λόγον
839 1717 927 1757 οὐδὲ
950 1718 1080 1767 κρίσιν
1101 1718 1327 1766 πεποίηκεν,
1351 1717 1457 1756 ἀλλὰ
1479 1716 1540 1756 καὶ

213 1786 349 1823 τοῦτον
376 1783 486 1824 εὐθὺς
511 1783 603 1823 ἄνευ
637 1785 802 1835 κρίσεως
830 1783 999 1833 κολάζει.
1073 1786 1154 1824 πῶς
1189 1782 1236 1822 ἂν
1267 1780 1289 1832 ἣ
1321 1783 1540 1833 δεινότερον

214 1849 357 1902 γένοιτ’
385 1847 407 1899 ἦ
433 1851 763 1902 παρανομώτερον
789 1851 927 1890 τούτου
954 1849 1169 1902 ψήφισμα,-

276 1916 378 1968 φΑρά
406 1933 464 1958 τις
494 1917 585 1967 ἡμῖν
618 1917 676 1957 ἔτι
706 1918 846 1958 λοιπός
879 1919 965 1957 ἐστι
999 1918 1137 1967 νόμος,·
1177 1915 1318 1967 δεῖξον.
1390 1917 1538 1956 οὑτοσί.

213 1982 309 2035 λέγε
334 1986 483 2023 τοῦτον.

801 2103 956 2130 ΝΟΜΟΣ.

267 2177 355 2216 Ἐάν
375 2195 428 2219 τις
447 2179 559 2230 βιαίῳ
576 2179 718 2230 θανάτῳ
741 2179 919 2228 ἀποθάνῃ,
937 2180 1027 2227 ὑπὲρ
1042 2180 1171 2216 τούτο]1
1191 2179 1266 2218 τοῖς
1287 2178 1541 2226 προσήκουσιν

214 2232 303 2271 εἶναι
327 2235 389 2273 τὰς
418 2233 678 2282 ἀνδροληψίας,
701 2235 764 2273 ἕως
792 2232 835 2271 ἂν
862 2232 884 2281 ἢ
909 2233 1009 2272 δίκας
1035 2235 1099 2270 τοῦ
1126 2233 1242 2279 φόνου
1271 2232 1489 2282 ὑπόσχωσιν
1518 2231 1540 2280 ἦ

262 2347 271 2366 ῐ
301 2338 424 2375 σπουδή
445 2339 467 2367 S
481 2337 508 2366 Υ
523 2335 567 2366 Οι
584 2347 590 2366 z
617 2337 739 2373 σπουδὴ
756 2336 881 2376 ’γίνεται
899 2335 929 2365 Α
945 2347 951 2365 1
975 2336 1125 2375 ’γίγνεται
1144 2334 1265 2371 σπουδή
1284 2334 1325 2364 al.
1418 2343 1436 2372 5
1462 2339 1538 2372 post

215 2383 411 2420 ἐγκαλοῦσιν
428 2381 502 2410 add.
525 2382 632 2411 αὐτοῖς
649 2381 707 2421 πρὸ
725 2380 813 2416 δίκης
831 2380 859 2408 Λ
877 2390 883 2407 :
909 2389 973 2409 om.
996 2378 1019 2409 S
1034 2378 1058 2408 F
1070 2378 1098 2407 Y
1112 2378 1141 2408 O
1314 2387 1348 2415 17
1377 2379 1536 2408 αἰτιᾶσθαι

214 2424 340 2454 Cobet:
368 2423 569 2455 αἰτιάσασθαι
589 2423 684 2453 codd.

1562 869 1600 891 10

1563 1201 1599 1233 15

1564 1535 1602 1556 20

1561 2251 1601 2281 30
