1737 2734
110 135 224 189 [807]
660 132 1175 187 [ΔΗΜΟΣΘΕΝΟὙΣ]
1462 133 1575 186 [xxm

254 238 500 289 ἐπιπέμπειν,
532 240 568 279 οἲ
602 240 933 290 προσποιούμενοι
966 241 1125 290 μηνύειν
1161 240 1249 281 τοὺς
1285 239 1577 291 ἁμαρτάνοντας

253 304 363 344 αὐτοὶ
388 307 456 354 τῆς
480 307 671 357 μεγίστης
696 307 774 346 εἰσὶ
801 308 982 358 φυλακῆς
1009 308 1198 356 δεόμενοι.

179 389 219 422 23
314 370 406 417 ⁹521),
440 374 508 411 ἐὰν
538 372 654 424 ἔχητε
687 376 790 418 νοῦν,
823 373 1100 423 ἐνθυμούμενοι
1129 373 1218 414 τοὺς
1247 375 1318 423 μὲν
1349 372 1578 425 φάσκοντας

250 438 408 479 τούτους
432 442 484 492 τῷ
509 440 616 492 λόγῳ
638 444 772 490 φιλεῖν
798 441 894 489 ὑμᾶς
919 440 1071 492 χαίρειν
1099 439 1253 484 ἐάσετε,
1275 439 1385 478 αὐτοὶ
1411 441 1451 478 ὃὲ
1475 438 1577 478 τοῦτ’

249 504 291 541 ἐκ
318 507 463 546 παντὸς
487 506 634 555 τρόπου
655 505 971 557 παραφυλάξετε,
995 507 1099 546 ὅπως
1123 506 1260 556 μηδενὶ
1286 505 1374 545 δῶτ’
1394 505 1578 555 ἐξουσίαν
1598 523 1614 553 5

249 570 412 620 ἀκύρους
448 571 537 611 τοὺς
575 573 714 621 νόμους
750 576 889 617 ποιεῖν,
928 572 1062 613 ἄλλως
1099 589 1139 612 τε
1177 573 1239 611 καὶ
1275 575 1353 612 τῶν
1389 569 1578 623 [πολλῶν]

248 637 344 687 ὑπὲρ
377 641 446 676 τοῦ
476 636 650 686 πλήθους
681 638 742 677 καὶ
768 638 902 690 λέγειν
937 640 998 679 καὶ
1031 638 1199 690 γράφειν
1230 639 1421 678 δύνασθαι
1452 654 1574 688 προσ-

250 703 504 752 ποιουμένων.
577 704 628 745 ὡς
655 704 863 744 πάνδεινόν
891 707 1002 745 ἐστιν
1030 706 1118 746 τοὺς
1142 708 1212 755 μὲν
1239 705 1455 756 προγόνους
1480 705 1578 755 ὑπὲρ

247 773 316 807 τοῦ
343 769 395 819 μὴ
423 773 686 820 καταλυθῆναι
711 772 801 812 τοὺς
831 772 971 821 νόμους
999 773 1264 827 ἀποθνῄσκειν
1289 773 1453 821 τολμᾶν,
1480 771 1577 820 ὑμᾶς

248 838 288 875 ὃὲ
314 838 410 886 μηδὲ
431 837 519 878 τοὺς
545 837 883 889 ἐξαμαρτάνοντας
903 839 956 878 εἰς
977 838 1115 879 αὐτοὺς
1137 840 1404 889 τιμωρεῖσθαι,
1427 837 1489 876 καὶ
1509 836 1577 877 τὸν
1602 853 1637 874 ιο

246 904 319 951 μὲν
338 902 552 954 γράψαντα
576 904 665 945 τοὺς
690 905 832 954 νόμους
859 906 1023 944 Σόλωνα
1048 901 1307 956 [ἐψηφίσθαι]
1332 907 1507 956 χαλκοῦν
1534 905 1575 943 ἐν

247 969 371 1024 ἀγορᾷ
397 972 556 1019 στῆσαι,
579 971 706 1011 αὐτῶν
726 973 766 1011 δὲ
785 974 862 1011 τῶν
889 972 1017 1021 νόμων
1038 972 1324 1022 ὀλιγωροῦντας
1346 972 1573 1022 φαίνεσθαι,

173 1049 217 1083 24
249 1035 296 1075 δι’
317 1036 383 1077 οὓς
408 1037 588 1077 κάκεῖνον
614 1038 949 1088 ὑπερβαλλόντως
976 1037 1210 1088 συμβέβηκε
1237 1040 1436 1087 τιμᾶσθαι.
1494 1040 1574 1076 πῶς

247 1101 280 1141 δ’
311 1102 378 1142 οὐκ
410 1102 459 1143 ἂν
491 1105 549 1153 εἴη
579 1105 624 1143 τὸ
656 1107 880 1155 συμβαῖνον
909 1103 1071 1155 ἄλογον,
1105 1106 1138 1144 εἰ
1171 1107 1471 1154 νομοθετοῦντες
1503 1107 1574 1154 μὲν

245 1169 450 1220 ὀργίζεσθε
479 1174 560 1211 τοῖς
590 1175 787 1221 πονηροῖς,
821 1170 881 1210 ἐπ’
908 1170 1124 1224 αὐτοφώρῳ
1158 1170 1198 1210 δέ
1228 1188 1336 1212 τινας
1363 1171 1573 1221 εἰληφότες
1598 1185 1632 1215 15

246 1234 393 1289 ἀθῴους
433 1235 592 1283 ἐάσετε,·
648 1238 709 1277 καὶ
749 1237 817 1277 τὸν
855 1239 927 1287 μὲν
964 1237 1181 1287 νομοθέτην
1225 1237 1278 1277 ἕν’
1319 1239 1412 1277 ὄντα
1450 1240 1574 1277 πᾶσιν

247 1303 343 1353 ὑπὲρ
372 1303 477 1353 ὑμῶν
507 1303 805 1357 ἀπεχθάνεσθαι
834 1307 917 1345 τοῖς
947 1304 1126 1355 φαύλοις,
1159 1305 1257 1354 ὑμᾶς
1288 1306 1327 1343 ὸὲ
1360 1303 1446 1353 μηδ’
1477 1305 1573 1353 ὑπὲρ

244 1370 351 1419 ὑμῶν
372 1370 499 1410 αὐτῶν
520 1377 628 1427 κοινῇ
649 1370 921 1422 συλλεγέντας
947 1370 1220 1420 ἐπιδείξασθαι
1244 1373 1458 1420 μισοῦντας
1484 1370 1573 1410 τοὺς

243 1437 449 1487 πονηρούς,
488 1437 579 1476 ἀλλ’
613 1437 680 1488 ὑφ’
714 1437 800 1478 ἑνὸς
837 1438 975 1487 ἀνδρὸς
1011 1438 1198 1488 πονηρίας
1233 1437 1464 1487 ἡττηθῆναι;
1510 1436 1572 1475 καὶ

244 1501 413 1543 θάνατον
441 1506 513 1553 μὲν
544 1503 725 1555 ὡρικέναι
756 1503 825 1553 τὴν
858 1504 1006 1553 ζημίαν,
1041 1503 1109 1543 ἐάν
1139 1519 1196 1544 τις
1226 1503 1293 1542 οὐκ
1326 1505 1421 1543 ὄντα
1450 1504 1572 1553 νόμον
1595 1519 1632 1540 20

96 1569 210 1623 [808]
243 1569 511 1622 παράσχηται,
533 1571 622 1612 τοὺς
641 1573 682 1610 δὲ
702 1570 790 1611 τοὺς
810 1572 927 1612 ὄντας
948 1571 1002 1611 εἰς
1021 1570 1091 1619 τὴν
1111 1573 1189 1610 τῶν
1210 1570 1277 1610 οὐκ
1297 1572 1422 1610 ὄντων
1441 1570 1571 1621 νόμων

242 1635 354 1686 τάξιν
378 1637 558 1689 ἄγοντας,
585 1637 746 1678 τούτους
772 1635 1037 1689 ἀτιμωρήτους
1064 1639 1267 1688 περιορᾶνς

168 1719 208 1754 25
308 1704 423 1742 Οὕτω
450 1703 483 1743 δ’
503 1703 551 1743 ἂν
576 1703 846 1755 ἀκριβέστατα
873 1702 1190 1755 συνθεωρήσαιτε
1210 1703 1254 1742 τὸ
1275 1707 1354 1744 τοῖς
1381 1701 1571 1753 κειμένοις

240 1770 376 1820 νόμοις
406 1771 613 1810 πείθεσθαι
641 1771 781 1821 ἡλίκον
809 1771 958 1822 ἀγαθόν
990 1772 1113 1816 ἐστιν,
1143 1771 1203 1810 καὶ
1231 1770 1275 1810 τὸ
1307 1773 1571 1821 καταφρονεῖν

286 1889 296 1908 1
328 1879 532 1920 ἐπιπέμπειν]
552 1881 739 1920 ἐφιστάνειν
760 1881 783 1910 F
899 1879 1173 1920 ἐξαμαρτάνοντας
1191 1879 1220 1909 Α
1376 1891 1394 1916 4
1419 1878 1569 1919 τούτους]

238 1923 343 1954 τούτω
373 1923 508 1963 (τούτῳ)
536 1923 645 1954 SYO
825 1936 840 1961 4
870 1933 887 1960 5
923 1924 1037 1955 ἐάσετε
1064 1947 1069 1953 .
1099 1947 1105 1952 .
1134 1947 1140 1952 .
1169 1923 1412 1963 παραφυλάξετε
1443 1922 1570 1953 Cobet:

240 1967 357 1998 ἐάσατε
391 1991 397 1997 .
433 1991 440 1997 .
477 1991 483 1997 .
519 1967 767 2008 παραφυλάξατε
803 1968 898 1997 codd.
1081 1977 1100 2005 5
1137 1967 1212 1996 sort.
1245 1968 1367 1998 δώσετε
1402 1966 1569 1996 Richards

238 2012 258 2038 6
283 2014 416 2042 πολλῶν
429 2011 507 2041 secl.
524 2011 552 2041 G
580 2011 623 2041 H.
640 2011 805 2040 Schaeser
922 2020 959 2040 10
987 2010 1261 2051 ἐξαμαρτάνοντας
1275 2009 1299 2039 S
1311 2009 1341 2039 A
1353 2009 1381 2039 Y
1395 2009 1425 2039 O
1442 2021 1448 2039 :
1472 2009 1569 2049 ἆμαρ-

238 2053 394 2085 τάνοντας
414 2054 438 2084 F
531 2055 643 2086 αὐτοὺς
661 2055 787 2093 Taylor·
804 2066 810 2084 t
836 2055 947 2085 αὑτοὺς
969 2054 1056 2092 vulg.
1074 2067 1079 2085 2
1106 2054 1236 2085 ἑαυτοὺς
1259 2053 1282 2083 S
1377 2053 1568 2093 προελέσθαι

239 2102 315 2135 post
331 2100 534 2137 τιμωρεῖσθαι
554 2099 628 2128 add.
649 2099 737 2136 vulg.
758 2109 763 2127 :
789 2108 853 2127 om.
875 2098 899 2127 S
913 2097 941 2127 Y
955 2097 986 2128 O
1124 2107 1157 2127 11
1187 2098 1358 2137 ἐψηφίσθαι
1378 2097 1404 2126 Β
1418 2097 1442 2126 F
1459 2106 1543 2126 corr.
1561 2108 1566 2126 2

239 2144 440 2180 εψηφισασθε
466 2141 510 2171 S:
543 2142 743 2182 ψηφίσασθαι
770 2141 856 2179 vulg.
875 2151 881 2170 :
915 2151 979 2170 om.
1002 2140 1099 2170 Blass
1124 2150 1197 2169 cum
1218 2141 1336 2178 Apsin.
1357 2141 1389 2169 ix
1413 2142 1486 2179 526,
1505 2149 1567 2177 527

242 2193 280 2212 12
305 2186 403 2216 οὕτως
422 2191 497 2223 post
515 2185 618 2224 νόμων
634 2186 710 2215 add.
732 2185 818 2223 vulg.
837 2196 843 2214 :
869 2195 932 2214 om.
955 2186 977 2213 S
995 2185 1086 2214 solus
1238 2185 1277 2213 16
1302 2183 1414 2215 ἐάσετε
1434 2183 1456 2212 S
1475 2183 1563 2221 vulg.

241 2227 296 2257 xes.
318 2229 463 2268 ἀφήσετε
481 2229 618 2267 ΑρΞῐη-ἷι
637 2241 643 2258 2
670 2229 787 2259 ἐάσατε
807 2229 836 2258 Α
853 2239 859 2257 2
886 2229 1016 2259 ἐάσαιτε
1035 2227 1143 2257 Cobet
1281 2227 1318 2257 18
1343 2226 1567 2266 συλλέγοντας

240 2270 264 2299 S
355 2273 548 2311 ἐνδείξασθαι
566 2272 684 2311 Apsin.
810 2282 851 2302 20
875 2273 935 2308 τὴν
952 2281 1017 2301 om.
1039 2271 1063 2299 F
1185 2280 1221 2299 21
1249 2271 1323 2302 τοὺς
1342 2272 1435 2302 ὄντας
1453 2269 1541 2300 Weil
1561 2281 1566 2299 τ

239 2314 333 2346 ὄντας
352 2314 375 2343 S
390 2315 413 2344 F
426 2315 455 2344 Y
469 2315 498 2345 O
515 2327 521 2345 :
546 2316 619 2347 τοὺς
637 2316 731 2347 ὄντας
750 2315 862 2354 νόμους
880 2315 909 2344 Α
993 2318 1057 2345 τῶν
1074 2315 1180 2352 ὥσπερ
1198 2316 1253 2345 οὐκ
1272 2313 1294 2343 S
1308 2313 1337 2343 Y
1428 2324 1469 2352 23
1493 2325 1565 2344 συν-

239 2358 415 2398 θεωρήσετε
435 2358 458 2388 S
472 2358 496 2388 F
508 2358 536 2388 Y
551 2358 581 2388 O
752 2369 792 2396 24
816 2359 859 2397 μὴ
877 2359 1088 2399 καταφρονεῖν
1106 2357 1134 2386 Y
1153 2362 1186 2386 et
1205 2362 1238 2386 ut
1255 2358 1389 2387 videtur
1407 2355 1444 2386 S¹
1464 2359 1566 2397 (duae

239 2401 372 2431 litterae
390 2408 467 2431 ante
485 2405 698 2443 καταφρονεῖν
716 2402 748 2432 in
768 2402 791 2432 S
809 2401 943 2440 erasae)
