1737 2734
138 710 183 744 66

637 136 1122 175 ΔΗΜΟΣΘΕΝΟΎΣ
1429 133 1535 187 [xxii

214 237 288 291 γάρ
314 255 370 280 τις
395 238 511 289 ἔροιτ’
532 238 648 278 αὐτὸν
668 238 798 290 πότερ’
818 239 921 294 αὐτῷ
941 239 1096 279 δοκοῦσ’
1120 241 1267 280 ἀδικεῖν
1291 243 1446 291 μᾶλλον
1466 241 1536 290 τὴν

215 306 331 345 πόλιν
366 307 401 345 οἱ
430 308 695 356 γεωργοῦντες
725 307 787 345 καὶ
817 306 1056 357 φειδόμενοι,
1091 308 1154 346 διὰ
1184 307 1466 358 παιδοτροφίας
1496 310 1536 348 δὲ

217 372 278 411 καὶ
309 371 416 411 οἰκεῖ’
450 372 691 421 ἀναλώματα
724 372 785 411 καὶ
817 374 1054 427 λῃτουργίας
1087 372 1220 423 ἑτέρας
1254 374 1536 415 ἐλλελοιπότες

216 438 423 489 εἰσφοράν,
456 435 478 487 ἢ
511 439 547 477 οἱ
580 440 628 477 τὰ
661 441 737 477 τῶν
769 439 1048 487 ἐθελησάντων
1082 441 1324 491 εἰσενεγκεῖν
1355 438 1536 492 χρήματα

216 505 277 544 καὶ
302 505 349 543 τὰ
374 506 478 555 παρὰ
497 508 574 543 τῶν
600 503 819 556 συμμάχων
845 505 1080 546 κλέπτοντες
1102 505 1163 544 καὶ
1190 506 1447 550 ἀπολλύντες,
1468 507 1536 546 οὐκ

215 571 262 610 ἂν
288 572 341 611 εἰς
366 574 480 609 τοῦτο
505 571 653 620 τόλμης
678 570 812 619 δήπου,
842 571 978 622 καίπερ
1004 571 1057 611 ὢν
1083 571 1256 621 ἀναιδής,
1283 572 1404 616 ἔλθοι,
1431 572 1536 612 ὥστε

215 639 345 688 φῆσαι
363 637 454 678 τοὺς
472 639 519 675 τὰ
540 639 688 677 ἑαυτῶν
707 637 758 686 μη
780 637 1040 688 εἰσφέροντας
1057 641 1215 687 μᾶλλον
1236 639 1382 677 ἀδικεῖν
1408 634 1536 687 ἦτοὺς

214 705 261 742 τὰ
288 702 382 743 κοίν’
412 703 738 754 ὑφαιρουμένους.
798 704 903 745 τίνος
934 704 1001 743 οὖν
1030 704 1144 749 ἕνεκ’,
1173 703 1201 744 ὦ
1227 704 1411 755 βδελυρέ,
1441 706 1537 744 ἐτῶν

214 772 338 810 ὄντων
375 770 570 809 πλειόνων
606 767 628 819 ἦ
665 769 860 820 τριάκοντ’
890 770 959 822 ἀφ’
996 770 1040 809 οὗ
1076 771 1126 810 σὺ
1156 771 1366 816 πολιτεύει,
1403 772 1465 811 καὶ
1497 773 1538 811 ἐν

213 837 335 890 τούτῳ
373 840 425 890 τῷ
460 837 589 890 χρόνῳ
627 840 790 876 πολλῶν
819 839 890 886 μὲν
926 841 1159 888 στρατηγῶν
1195 837 1433 887 ἠδικηκότων
1467 837 1538 886 την

213 904 345 949 πόλιν,
372 906 536 942 πολλῶν
560 906 603 942 δὲ
625 903 816 954 ῥητόρων,
844 904 878 943 οἳ
907 905 1012 954 παρὰ
1042 904 1218 944 τουτοισὶ
1249 903 1456 955 κέκρινται.
1483 905 1538 943 ὧν

213 972 248 1010 οἱ
272 972 345 1020 μὲν
370 972 556 1009 τεθνᾶσιν
589 969 652 1020 ἐφ’
679 970 737 1011 οἷς
765 970 935 1019 ἠδίκουν,
963 972 999 1010 οἱ
1025 970 1057 1009 δ’
1082 969 1414 1023 ὑποχωρήσαντες
1440 971 1535 1022 φεύ-

212 1053 366 1088 γουσιν,
393 1035 549 1077 οὐδενὸς
569 1035 718 1075 πώποτ’
739 1034 958 1086 ἐξητάσθης
975 1036 1190 1088 κατήγορος
1209 1036 1288 1077 οὐδ’
1307 1037 1537 1088 ἀγανακτῶν

213 1104 350 1155 ὤφθης
375 1103 470 1154 ὑπὲρ
490 1104 544 1142 ῶν
569 1103 591 1153 ἡ
612 1103 728 1144 πόλις
748 1102 910 1156 πάσχει,
938 1104 1058 1144 οὕτως
1075 1102 1129 1143 ὢν
1148 1103 1295 1154 θρασὺς
1322 1103 1384 1142 καὶ
1401 1103 1537 1155 λέγειν

214 1171 352 1215 δεινός,
386 1169 477 1209 ἀλλ’
506 1169 658 1209 ἐνταῦθ’
688 1169 838 1220 ἐφάιης
872 1171 1048 1220 κηδεμὼν
1080 1171 1144 1216 ὤν,
1178 1170 1222 1210 οὗ
1257 1168 1331 1222 'so-e]
1363 1169 1537 1211 πολλοὺς
1578 1185 1592 1215 ζ

850 1236 858 1249 Ὶ
895 1235 913 1250 ’ἲ
944 1237 957 1249 »Ι

212 1237 289 1277 ἔδει
307 1240 431 1278 κακῶς
448 1253 631 1286 ποιησαι;
666 1237 871 1287 βούλεσθ,
891 1256 920 1276 ω
938 1239 1073 1289 αιδρες
1093 1237 1308 1286 Ἀθηιαῖοι,
1326 1235 1369 1276 τὸ
1388 1236 1537 1276 τούτων

212 1305 336 1343 αἴτιον
364 1304 441 1354 ἐγὼ
467 1304 555 1352 ὑμῖι
581 1305 703 1349 εἵπω;
741 1304 801 1343 ὅτι
827 1307 903 1343 τῶι
928 1306 1000 1353 μὲι
1025 1303 1307 1358 [μετέχουσιν
1285 1323 1332 1343 ων
1348 1305 1538 1343 ἀδικουσιν

210 1366 303 1413 ὑμᾶς
322 1380 426 1405 τινες,
453 1365 526 1400 ἀπὸ
554 1363 590 1400 δὲ
618 1366 688 1401 τῶν
713 1365 1033 1412 εἰσπραττομένων
1056 1365 1308 1412 ἱ·φαιροῧνται“
1343 1359 1387 1398 δι’
1416 1364 1536 1410 ἀπλη-

210 1436 318 1456 στιαν
339 1418 376 1456 δὲ
396 1418 540 1466 τρόπων
561 1417 707 1468 διχόθεν
734 1421 956 1467 καρποῖνται
983 1435 1050 1465 την
1070 1418 1192 1455 πόλιν.
1254 1418 1336 1454 οὔτε
1355 1417 1428 1466 γὰρ
1447 1417 1538 1466 ῥᾷοι

210 1474 367 1512 πολλοῖς
382 1473 440 1509 καὶ
453 1474 498 1509 τὰ
514 1489 602 1521 μικρ
603 1472 814 1511 ’ἀδικοῦσιν
826 1472 994 1523 ἀπεχθάι
988 1471 1135 1509 εσθαι
1117 1489 1139 1520 η
1153 1472 1293 1522 ὀλιγοις
1307 1470 1366 1506 καὶ
1378 1471 1537 1521 μεγάλα,
1560 1488 1573 1508 2

210 1528 291 1564 οὔτε
319 1527 609 1576 δημοτικωτερον
633 1526 749 1575 δηπου
776 1528 821 1564 τὰ
841 1530 912 1564 τῶν
935 1529 1088 1564 πολλῶν
1115 1524 1309 1575 ἀδικημαθ
1335 1525 1424 1572 ὁρᾶν
1449 1524 1472 1573 ἢ
1492 1527 1538 1562 τὰ

210 1595 281 1629 τῶν
297 1592 443 1643 ὀλίγων.
495 1593 596 1628 ἀλλὰ
610 1589 707 1628 τοῖ·’τ
720 1591 836 1628 αἴτιον
852 1592 948 1641 οἱγὼ
965 1591 1072 1641 λεγω.
1123 1593 1194 1627 τῶι
1213 1586 1299 1640 μὲν]
1323 1584 1462 1625 Οιδεν
1448 1602 1534 1626 εαυ-

258 1706 269 1726 1
297 1696 404 1736 πότερ’
425 1695 606 1726 Benscler:
634 1695 762 1736 πότεροι
780 1696 877 1725 codd.
897 1695 949 1724 hic
967 1700 1000 1724 et
1018 1695 1099 1724 xxiv
1120 1703 1179 1732 172
1341 1706 1360 1732 4
1386 1694 1538 1735 εἰσφοράν

211 1740 296 1770 SL:
331 1741 389 1771 τὰς
418 1739 567 1779 εἰσφοράς
595 1739 699 1777 vulg..
731 1739 771 1768 cf.
801 1740 881 1768 xxiv
912 1748 971 1776 172
1125 1739 1146 1767 6
1181 1737 1282 1774 δήπου
1311 1744 1385 1776 post
1413 1738 1536 1777 τόλμης

210 1782 334 1814 SLA:
371 1788 451 1813 ante
479 1783 601 1821 τόλμης
630 1783 717 1820 vulg.
747 1787 781 1812 et
806 1783 887 1811 xxiv
916 1791 975 1820 172
1001 1791 1119 1811 omnes
1275 1791 1297 1819 9
1327 1781 1482 1822 πολιτεύῃ
1511 1782 1536 1812 S

213 1837 250 1857 12
282 1827 550 1867 ὑποχωρήσαντες
575 1826 605 1855 Α
629 1831 662 1855 et
687 1826 766 1855 xxiv
794 1835 853 1864 173
878 1835 1018 1855 omnes:
1052 1825 1325 1865 ἀποχωρήσαντες
1351 1824 1373 1853 5
1389 1824 1534 1854 LFYO

212 1880 248 1908 13
283 1872 411 1902 πώποτε
442 1871 464 1899 S
494 1869 604 1907 vulg..
641 1870 768 1900 πώποτε
796 1869 919 1900 τούτων
948 1869 989 1905 Α,
1021 1868 1059 1899 cf.
1088 1868 1167 1897 xxiv
1199 1877 1279 1917 1733
1315 1870 1379 1898 τῶν
1407 1868 1536 1899 πώποτε

205 1914 361 1944 Tiberius
388 1913 451 1943 Rh
474 1913 533 1943 Gr.
552 1913 608 1941 viii
626 1915 690 1950 546
841 1922 876 1950 14
910 1912 1068 1952 ὑπὲρ..
1096 1911 1234 1951 πάσχει;
1263 1909 1312 1951 εφ’
1330 1910 1374 1943 οἷς
1399 1911 1417 1948 ἡ
1442 1911 1536 1944 πόλις

206 1959 347 1995 ἠδικεῖτο
364 1957 395 1986 A
483 1956 604 1995 πάσχει
622 1956 716 1985 codd.
735 1966 741 1985 t
767 1955 887 1994 πάσχοι
903 1955 1046 1991 Bckker,
1061 1955 1100 1984 cs
1113 1955 1192 1983 xxix
1211 1964 1268 1993 173
1362 1964 1399 1992 15
1417 1955 1534 1994 ἐφάνης

208 2026 214 2031 .
232 2025 238 2031 .
261 2026 266 2031 .
286 2001 342 2040 ὤν]
362 2000 442 2029 xxiv
463 2009 520 2037 173
539 1999 668 2039 ἐφάνηθ
686 2001 774 2037 ἡμῶν
792 1999 959 2037 κηδόμενοι
1072 2011 1108 2029 σε
1126 2002 1204 2027 ante
1222 1998 1360 2029 πολλοὺς
1378 1998 1401 2028 S
1420 1998 1508 2036 vulg.
1528 2009 1535 2028 t

207 2050 281 2083 post
298 2045 439 2074 πολλοὺς
457 2044 508 2073 A:
534 2043 611 2072 secl.
633 2043 732 2072 Blass
749 2043 824 2072 coll.
840 2043 919 2072 xxix·
940 2052 999 2080 173
1113 2043 1150 2071 16
1175 2042 1196 2072 ὧ
1214 2052 1277 2071 om.
1301 2042 1324 2071 S
1340 2041 1368 2070 Υ
1381 2042 1432 2071 O:
1458 2042 1535 2072 add.

207 2087 294 2126 vulg.
313 2093 346 2117 et
363 2088 443 2116 xxiv
464 2097 522 2124 174
540 2096 658 2116 ornnes
792 2095 828 2124 17
853 2089 918 2116 τῶν
934 2085 993 2123 μὲν
1012 2085 1034 2116 S
1050 2085 1085 2115 L¹
1100 2085 1150 2114 Y:
1176 2088 1241 2115 τῶν
1259 2084 1288 2113 O
1306 2096 1311 2114 :
1337 2084 1459 2116 τούτων
1475 2085 1535 2123 μὲν

208 2131 294 2169 vulg.
309 2136 342 2160 et
357 2131 436 2160 xxiv
454 2140 511 2168 174
527 2140 644 2160 ornnes
738 2139 840 2166 17⁴22
865 2129 1060 2168 μετέχουσιν
1077 2152 1084 2160 .
1107 2154 1112 2158 .
1131 2152 1137 2159 .
1159 2131 1223 2159 τῶν
1239 2128 1314 2167 μὲν’
1335 2128 1415 2158 haec
1431 2128 1533 2158 verba

207 2185 250 2204 ex
266 2175 348 2204 xxiv
370 2184 426 2212 174
448 2174 648 2212 interpolata
666 2183 740 2202 esse
760 2173 842 2202 vidit
862 2172 1060 2202 Funkhssinel
1213 2172 1315 2209 17-18
1339 2171 1534 2211 μετέχουσιν

207 2241 214 2248 .
237 2241 243 2247 .
264 2241 270 2247 .
293 2217 573 2258 εἰσπραττομένων
594 2227 658 2246 om.
677 2216 699 2246 S
714 2216 749 2246 Ll
764 2216 794 2245 Y
807 2216 856 2247 O:
883 2217 957 2246 add.
975 2216 1063 2254 vulg.
1081 2215 1104 2245 S
1122 2228 1170 2255 γρ.
1191 2214 1267 2253 (sed
1286 2215 1316 2243 in
1336 2214 1360 2244 S
1376 2228 1428 2255 Ύρ.
1448 2227 1533 2246 τινες

207 2268 300 2300 υμας»
329 2261 353 2290 L
378 2271 464 2292 corr
603 2261 640 2289 18
665 2262 866 2300 ὑφαιροῦνται
886 2260 974 2297 vulg.
993 2271 999 2288 :
1033 2261 1210 2299 ὑφαιρεῖται
1236 2257 1259 2288 S
1275 2258 1310 2287 L¹
1325 2257 1352 2287 Y
1367 2257 1415 2287 O:
1442 2261 1533 2289 ουδεν

208 2313 411 2345 υφαιρουνται
438 2304 460 2334 S
485 2317 534 2344 γρ.
565 2304 632 2337 (me
657 2308 757 2341 teste)
933 2313 970 2340 19
1001 2305 1192 2342 καρποῦνται
1217 2302 1326 2339 &ulgst
1359 2303 1531 2341 καρποῦται

209 2350 231 2378 5
248 2348 272 2376 Ι
285 2348 311 2377 Υ
325 2348 354 2377 Ο
464 2358 506 2378 20
530 2348 639 2378 καὶτὰ
657 2346 700 2376 S.
727 2347 878 2378 καὶκατὰ
894 2345 924 2374 Α
938 2346 961 2375 F
979 2351 1011 2375 et
1030 2346 1110 2374 xxiv
1132 2355 1166 2374 1
1158 2357 1189 2382 4
1208 2354 1343 2374 omnes:
1370 2344 1452 2375 κατὰ
1472 2343 1532 2374 1).-

207 2393 257 2423 καὶ
276 2391 440 2422 Schaeser
572 2401 612 2420 22
638 2391 751 2421 ἑαυτὸν
770 2390 791 2420 5
806 2389 843 2419 L¹
857 2389 886 2419 Y
900 2389 950 2421 O:
979 2389 1034 2421 ἕνα
1051 2390 1146 2420 αὐτὸν
1165 2388 1252 2426 xulg.

1561 853 1599 874 10
