1737 2734
201 144 314 198 xxlv]
537 147 697 185 ΚΑΤΑ
745 147 1195 185 ΤΙΜΟΚΡΑΤΟΎΣ
1562 146 1666 200 [714]

199 252 287 304 περὶ
318 256 397 293 τῶν
428 253 762 304 παρεληλυθότων
794 251 938 303 λέγων.
1011 251 1073 291 καὶ
1105 251 1193 292 οὐδὲ
1226 251 1331 291 τοῦθ’
1365 253 1525 303 ὥρισεν,

198 318 371 372 ἄρχοντα
395 319 664 371 προσγράψας
689 318 760 372 ἀφ’
782 319 839 365 οὗ,
867 319 974 359 ἀλλὰ
999 319 1212 369 πεποίηκεν
1237 318 1283 359 οὐ
1307 319 1429 369 μόνον
1454 321 1527 369 πρὸ

197 387 266 436 τῆς
298 385 444 437 ἡμέρας
478 388 521 427 ἐν
552 384 576 443 ᾗ
607 386 748 436 τέθηκε
782 386 911 437 κύριον
943 384 1012 425 τὸν
1046 386 1181 435 νόμον,
1217 386 1324 425 ἀλλὰ
1357 385 1419 425 καὶ
1453 384 1527 436 πρὸ

197 455 266 492 τοῦ
298 452 487 505 γενέσθαι
520 452 594 493 τιν’
626 453 748 503 ἡμῶν·
785 453 974 503 ἀόριστον
1008 454 1084 504 γὰρ
1115 451 1271 492 ἅπαντα
1301 451 1371 492 τὸν
1406 468 1525 503 παρε-

151 537 166 566 5
197 520 399 569 ληλυθότα
448 520 791 572 προσπεριείληφε
842 519 998 572 χρόνον.
1073 520 1199 559 καίτοι
1245 521 1346 573 χρῆν
1394 519 1447 565 σ’,
1497 516 1526 558 ὦ

195 587 450 639 Τιμόκρατες,
478 583 501 636 ἢ
527 590 664 626 τοῦτον
695 584 748 636 μὴ
781 585 949 639 γράφειν
975 582 998 635 ἦ
1025 586 1177 626 ἐκεῖνον
1209 586 1334 632 λύειν,
1363 585 1449 639 οὐχ,
1477 585 1526 625 ἵν’

197 651 217 691 ὃ
242 653 384 702 βούλει
405 652 456 693 σὺ
476 652 649 705 γένηται,
672 652 801 694 πάντα
825 654 873 692 τὰ
892 652 1104 704 πράγματα
1125 652 1380 704 συνταράξαι.
1440 651 1527 704 λέγ’

196 719 324 760 ἄλλον
348 720 481 771 νόμον.

779 828 935 856 ΝοΜοΣ.
1559 828 1600 864 45

138 919 176 940 10
250 901 357 950 Μηδὲ
377 902 460 949 περὶ
481 906 552 940 τῶν
572 903 722 951 ἀτίμων,
743 902 840 942 ὅπως
858 902 931 953 χρὴ
951 902 1138 950 ἐπιτίμους
1162 902 1292 942 αὐτοὺς
1314 901 1413 946 εἶναι,
1433 901 1527 951 μηδὲ

194 955 277 1004 περὶ
297 959 368 994 τῶν
387 957 616 1004 ὀφειλόντων
636 959 710 996 τοῖς
732 957 827 996 θεοῖς
846 955 869 1005 ἦ
889 958 940 1008 τῷ
964 956 1132 1007 δημοσίῳ
1151 958 1202 1007 τῷ
1221 955 1425 1004 Ἀθηναίων
1444 956 1527 1004 περὶ
1559 953 1660 1006 [715]

195 1011 364 1058 ἀφέσεως
388 1013 453 1048 τοῦ
480 1011 702 1060 ὀφλήματος
728 1009 751 1060 ἢ
780 1011 925 1055 τάξεως,
951 1012 1014 1048 ἐὰν
1039 1010 1092 1060 μὴ
1120 1011 1391 1060 ψηφισαμένων
1416 1008 1528 1058 Ἀθη-

194 1064 303 1102 ναίων
326 1065 393 1113 τὴν
420 1064 545 1103 ἄδειαν
570 1068 715 1114 πρῶτον
734 1065 787 1114 μὴ
813 1066 968 1102 ἔλαττον
995 1065 1268 1114 ἑξακισχιλίων,
1290 1064 1342 1103 οἷς
1369 1063 1413 1101 ἂν
1439 1063 1526 1114 δόξῃ

196 1119 360 1167 κρύβδην
380 1120 657 1168 ψηφιζομένοις.
716 1119 799 1156 τότε
826 1118 856 1156 δ’
875 1119 1006 1163 ἐξεῖναι
1029 1119 1268 1170 χρηματίζειν
1289 1117 1368 1156 καθ’
1389 1119 1409 1156 ὅ
1428 1135 1462 1155 τι
1483 1117 1526 1156 ἂν

136 1188 173 1220 15
193 1174 242 1223 τῇ
259 1174 388 1223 βουλῇ
408 1172 467 1211 καὶ
486 1174 539 1225 τῷ
558 1173 660 1225 δήμῳ
680 1172 782 1224 δοκῇ.

254 1299 409 1342 ’Ἄλλος
434 1301 547 1343 οὗτος
572 1302 703 1352 νόμος,
729 1302 798 1341 οὐκ
826 1302 901 1341 ἐῶν
927 1301 1017 1353 περὶ
1040 1305 1118 1341 τῶν
1149 1302 1297 1352 ἀτίμων
1327 1301 1414 1341 οὐδὲ
1449 1305 1527 1342 τῶν
1556 1308 1604 1350 46

194 1368 444 1420 ὀφειλόντων
485 1367 622 1420 λέγειν
663 1367 751 1409 οὐδὲ
793 1368 1048 1421 χρηματίζειν
1090 1369 1178 1420 περὶ
1221 1368 1407 1419 ἀφέσεως
1448 1372 1526 1408 τῶν

194 1434 440 1487 ὀφλημάτων
473 1434 561 1475 οὐδὲ
594 1434 754 1485 τάξεως,
793 1434 842 1475 ἂν
876 1434 927 1486 μὴ
966 1437 1035 1485 τῆς
1068 1436 1199 1476 ἀδείας
1233 1436 1427 1485 δοθείσης,
1464 1436 1526 1475 καὶ

193 1502 336 1551 ταύτης
359 1501 411 1553 μὴ
438 1501 604 1542 ἔλαττον
623 1498 645 1551 ἦ
668 1500 953 1555 ἑξακισχιλίων
977 1501 1292 1553 ψηφισαμένων.
1353 1502 1467 1544 οὗτος
1491 1502 1525 1542 δ’

135 1589 174 1610 20
194 1568 373 1621 ἔγραψεν
398 1567 591 1620 ἄντικρυς,
614 1568 678 1608 καὶ
703 1570 740 1609 εἴ
761 1585 838 1609 τινι
857 1572 935 1608 τῶν
954 1569 1204 1620 ὀφειλόντων
1223 1571 1373 1620 δεσμοῦ
1398 1585 1522 1620 προσ-

193 1635 408 1686 τετίμηται,
450 1634 550 1675 εἶναι
587 1634 658 1685 τὴν
706 1634 855 1686 ἄφεσιν
896 1634 1149 1690 πορισαμένῳ
1192 1635 1282 1677 τοὺς
1325 1636 1519 1688 ἐγγυησο-

192 1700 346 1752 μένους,
373 1702 417 1742 οὐ
443 1701 701 1753 προτεθέντος
725 1701 883 1744 οὐδενὸς
908 1702 997 1754 περὶ
1029 1702 1191 1748 τούτων,
1220 1703 1307 1742 οὐδὲ
1342 1704 1525 1753 δοθείσης

193 1769 325 1810 ἀδείας
357 1768 504 1820 λέγειν.
577 1769 639 1809 καὶ
673 1769 693 1807 ὁ
725 1770 797 1819 μὲν
830 1769 961 1819 νόμος,
990 1768 1071 1808 οὐδ’
1097 1770 1258 1809 ἐπειδὰν
1286 1768 1359 1818 τὴν
1391 1769 1525 1810 ἄδειαν
1555 1782 1598 1815 47

194 1836 355 1887 εὕρηταί
382 1853 453 1881 τις,
481 1835 625 1876 ἔδωκεν
656 1835 706 1877 ὡς
736 1834 784 1875 ἂν
817 1836 1015 1885 βούληται
1049 1834 1248 1887 πράττειν,
1277 1836 1368 1875 ἀλλ’
1394 1836 1444 1877 ὡς
1477 1834 1525 1876 ἂν

134 1921 172 1953 ²5
192 1908 241 1959 τῇ
275 1906 406 1959 βουλῇ
440 1903 502 1942 καὶ
534 1906 587 1956 τῷ
621 1900 728 1956 δήμῳ
762 1903 867 1957 δοκῇ·
917 1906 970 1956 τῷ
1005 1901 1037 1942 δ’
1073 1902 1142 1942 οὐκ
1178 1901 1383 1954 ἀπέχρησε
1418 1902 1522 1942 τοῦτ’

193 1969 342 2009 ἀδικεῖν
373 1970 508 2019 μόνον,
537 1970 570 2009 εἰ
602 1968 654 2019 μὴ
688 1968 870 2018 δοθείσης
896 1971 965 2019 τῆς
999 1969 1130 2010 ἀδείας
1162 1968 1274 2020 λέγει
1310 1969 1371 2008 καὶ
1404 1969 1524 2020 νόμον

193 2035 374 2088 εἰσφέρει
394 2036 481 2087 περὶ
501 2035 661 2082 τούτων,
684 2036 791 2075 ἀλλὰ
818 2035 880 2075 καὶ
905 2034 1069 2088 προσέτ’
1091 2036 1159 2076 οὐκ
1185 2037 1239 2076 εἰς
1259 2034 1330 2085 τὴν
1355 2034 1523 2085 βουλήν,

192 2101 261 2141 οὐκ
286 2103 340 2143 εἰς
365 2101 434 2142 τὸν
459 2104 583 2152 δῆμον
609 2102 729 2142 εἰπὼν
754 2102 843 2154 περὶ
867 2102 1017 2142 τούτων
1036 2101 1162 2149 οὐδέν,
1191 2103 1234 2142 ἐν
1263 2102 1522 2156 παραβύστῳ,

192 2171 261 2218 τῆς
293 2171 446 2219 βουλῆς
479 2170 552 2218 μὲν
583 2166 811 2220 ἀφειμένης,
838 2172 916 2208 τῶν
949 2168 982 2208 δ’
1015 2168 1152 2208 ἄλλων
1185 2169 1247 2208 διὰ
1280 2167 1352 2218 τὴν
1385 2168 1524 2220 ἑορτὴν

238 2287 273 2332 ῐὶῐ
301 2276 459 2318 δημοσίῳ]
479 2276 566 2317 δήμῳ
583 2275 614 2306 Α
627 2276 650 2307 S
666 2289 717 2318 γρ,
795 2276 856 2318 τῷ]
874 2280 939 2309 τῶν
958 2277 1024 2307 SY
1146 2278 1185 2307 16
1209 2276 1319 2309 οὗτοσὶ
1337 2276 1367 2306 Α
1485 2278 1524 2308 18

191 2321 279 2361 οὐδε]
297 2322 317 2359 ἢ
334 2321 364 2351 Α
546 2329 585 2359 19
609 2319 700 2352 οὗτος
718 2320 745 2352 δ’
763 2319 788 2351 S
805 2321 894 2359 vulg.
910 2331 916 2351 :
943 2323 959 2352 ὁ
976 2319 1004 2352 δ’
1023 2320 1127 2350 Paris.
1146 2322 1232 2360 2998
1402 2330 1445 2350 20
1469 2322 1522 2353 ἀν-

192 2363 371 2405 έ-γραψενΑ
475 2373 513 2394 21
541 2363 844 2404 ἐγγυησαμένουςΑ
952 2365 995 2394 26
1017 2366 1076 2402 τῆς
1093 2373 1158 2395 om.
1173 2363 1205 2393 A
1309 2373 1353 2403 29
1376 2363 1523 2405 ἀγόντων
