1737 2734
131 130 245 184 [759]

182 249 248 284 190

182 1175 244 1209 192.

180 1644 241 1678 193

705 130 1192 169 ΔΙΙΜΟΣΘΕΝΟΎΣ
1490 128 1606 182 [ΧΧιν

345 233 467 284 Οἶμαι
489 235 619 274 τοίνυν
639 233 757 273 αὐτὸν
777 233 856 273 οὐδ’
876 235 1035 274 ἐκείνων
1055 233 1277 285 ἀφέξεσθαι
1296 238 1373 274 τῶν
1392 236 1537 287 λόγων,
1558 236 1608 278 ὡς

278 300 371 340 δείν’
391 301 439 340 ἂν
466 301 595 345 πάθοι,
623 301 656 340 εἰ
683 299 843 352 γράψας
868 302 974 342 ὅπως
994 299 1216 350 Ἀθηναίων
1240 301 1373 350 μηδεὶς
1398 301 1608 351 δεθήσεται

278 367 393 408 αὐτὸς
414 367 599 406 πείσεταί
621 383 658 406 τι
685 368 815 412 κακόν,
840 367 902 406 καὶ
928 368 988 406 ὅτι
1013 367 1103 407 τοὺς
1128 368 1269 416 νόμους
1296 367 1346 408 ὡς
1366 368 1608 418 πραοτάτους

279 434 341 472 καὶ
370 432 655 484 μετριωτάτους
690 432 789 473 εἶναι
823 435 919 484 ὑπὲρ
949 437 1026 473 τῶν
1057 432 1258 473 ἀδυνάτων
1290 432 1450 483 μάλιστ’
1483 436 1607 475 ἐστίν.

278 502 373 550 πρὸς
413 499 458 549 δὴ
495 500 584 540 τοὺς
620 500 817 540 τοιούτους
856 500 1001 551 λόγους
1040 499 1206 550 βέλτιον
1245 500 1454 550 ἀκηκοέναι
1491 503 1645 552 μικρὰῑ,

279 565 428 607 πάντας
458 567 568 616 ὑμᾶς,
600 565 649 605 ἵν’
679 566 794 615 ἧττον
826 565 1091 616 ἐξαπατᾶσθε.
1163 567 1258 606 ὅταν
1288 569 1359 616 μὲν
1390 568 1464 618 γὰρ
1492 567 1606 622 λέγῃ,

278 633 383 674 ὅπως
403 633 537 682 μηδεὶς
555 632 776 682 Ἀθηναίων
796 631 1019 682 δεθήσεται,
1041 632 1092 682 μὴ
1114 632 1344 672 λανθανέτω
1361 634 1608 685 ψευδόμενος

278 700 387 748 ὑμᾶς.
460 699 504 738 οὐ
530 700 605 750 γὰρ
629 702 744 738 τοῦτο
775 699 950 748 τέθηκεν,
980 698 1072 738 ἀλλ’
1099 700 1204 740 ὅπως
1232 700 1340 749 ὑμεῖς
1372 699 1504 751 ἄκυροι
1530 704 1607 740 τῶν

279 765 612 816 προστιμημάτων
644 765 801 805 ἔσεσθε·
841 767 903 805 καὶ
933 765 1005 814 τὴν
1034 765 1119 814 μεθ’
1150 766 1265 817 ὅρκου
1300 767 1360 805 καὶ
1391 767 1513 817 λόγου
1545 767 1607 806 καὶ

279 833 444 883 κρίσεως
475 834 618 884 ψῆφον
648 831 912 883 ἐνηνεγμένην
945 831 1129 872 ἀνάδικον
1165 832 1411 881 καθίστησιν.
1483 832 1534 882 μὴ
1561 832 1605 881 δὴ
1632 848 1668 870 10

277 898 385 937 ταῦθ’
416 900 506 948 ὑμῖν
535 902 612 938 τῶν
646 900 687 938 ἐκ
719 902 786 938 τοῦ
819 899 939 948 νόμου
974 898 1158 950 ῥημάτων
1192 897 1355 947 ἐκλέξας
1388 897 1550 950 λεγέτω,
1583 899 1607 938 ἃ

278 965 624 1016 φιλανθρωπότατ’
666 965 777 1005 ἐστὶν
817 966 996 1005 ἀκοῦσαι·
1045 964 1138 1005 ἀλλ’
1178 966 1274 1004 ὅλον
1313 966 1496 1004 δεικνύτω
1539 965 1606 1004 τὸν

278 1032 399 1082 νόμον
437 1031 539 1082 ἑξῆς,
579 1032 641 1071 καὶ
678 1034 725 1071 τα
763 1031 1024 1082 συμβαίνοντ’
1058 1031 1103 1082 ἐξ
1137 1030 1254 1071 αὐτοῦ
1291 1035 1456 1071 σκοπεῖν
1492 1031 1604 1071 ἐάτω.

278 1097 463 1149 εὑρήσετε
484 1100 558 1150 γὰρ
578 1098 684 1137 ταῦτ’
704 1098 786 1138 ὄνθ’
806 1098 830 1137 δι
857 1099 934 1149 ἐγὼ
959 1097 1079 1150 λέγω,
1104 1098 1166 1138 καὶ
1191 1098 1263 1151 οὐχ
1290 1097 1313 1137 ἄ
1333 1104 1460 1150 φησιν
1480 1099 1603 1140 οὗτος.

277 1166 383 1204 ἀλλὰ
412 1165 490 1215 μην
515 1166 610 1216 πρός
640 1182 684 1216 γε
714 1165 758 1204 τὸ
788 1169 869 1206 τοῖς
900 1169 1065 1206 πολλοῖς
1096 1164 1315 1217 συμφέρειν
1345 1165 1435 1206 τοὺς
1464 1166 1606 1215 νόμους
1632 1182 1666 1213 ¹5

277 1230 422 1282 πράους
443 1233 505 1271 καὶ
525 1233 704 1283 μετρίους
722 1231 821 1271 εἶναι
840 1230 931 1271 τάδε
952 1231 1027 1284 χρὴ
1047 1235 1225 1272 σκοπεῖν.
1281 1232 1405 1276 ἔστιν,
1424 1229 1453 1270 ὦ
1470 1232 1606 1283 ἄνδρες

274 1298 488 1348 Ἀθηναῖοι,
516 1298 574 1338 δύ’
602 1300 683 1348 εἴδη
712 1298 797 1350 περὶ
828 1299 882 1338 ῶν
917 1299 1018 1338 εἰσιν
1044 1300 1080 1338 οἱ
1111 1299 1223 1348 νόμοι
1255 1300 1353 1338 κατὰ
1383 1297 1513 1339 πάσας
1538 1300 1607 1339 τὰς

275 1366 425 1406 πόλεις·
474 1367 527 1404 ὧν
566 1365 611 1405 τὸ
648 1365 720 1415 μέν
758 1367 883 1411 ἐστιν,
923 1365 971 1404 δι’
1008 1365 1062 1404 ὧν
1098 1364 1270 1417 χρώμεθ’
1307 1364 1501 1414 ἀλλήλοις
1544 1367 1606 1405 καὶ

275 1432 602 1481 συναλλάττομεν
631 1433 692 1471 καὶ
719 1432 806 1483 περὶ
832 1436 908 1471 τῶν
935 1433 1042 1471 ἰδίων
1068 1432 1091 1471 δι
1115 1431 1191 1484 χρὴ
1214 1435 1340 1472 ποιεῖν
1365 1433 1606 1483 διωρίσμεθα

276 1499 336 1538 καὶ
370 1499 494 1549 ζῶμεν
520 1500 623 1540 ὅλως
648 1501 696 1538 τὰ
721 1498 816 1550 πρὸς
842 1499 942 1548 ἡμᾶς
967 1498 1120 1543 αὐτούς,
1148 1497 1193 1537 τὸ
1223 1497 1278 1543 δέ,
1306 1497 1351 1538 ὃν
1376 1499 1522 1549 τρόπον
1548 1501 1608 1538 δεῖ
1628 1514 1666 1535 20

274 1569 327 1619 τῶ
359 1570 474 1619 κοινῷ
505 1568 574 1615 τῆς
601 1567 754 1606 πόλεως
785 1564 839 1605 ἕν’
867 1566 1036 1605 ἕκαστον
1068 1565 1175 1615 ἡμῶν
1200 1567 1388 1617 χρῆσθαι,
1415 1564 1463 1604 ἂν
1488 1571 1601 1604 πολι-

274 1632 458 1671 τεύεσθαι
485 1633 683 1682 βούληται
713 1633 776 1672 καὶ
801 1637 859 1688 φῇ
887 1631 1074 1681 κήδεσθαι
1099 1634 1166 1681 τῆς
1196 1632 1363 1672 πόλεως.
1436 1632 1606 1672 ἐκείνους

273 1702 345 1748 μὲν
376 1700 506 1739 τοίνυν
537 1699 627 1740 τοὺς
659 1700 800 1749 νόμους
832 1698 922 1739 τοὺς
948 1698 1037 1749 περὶ
1062 1701 1139 1737 τῶν
1167 1699 1273 1738 ἰδίων
1299 1697 1422 1747 ἠπίως
1449 1701 1607 1738 κεῖσθαι

275 1766 336 1805 καὶ
363 1766 655 1817 φιλανθρώπως
684 1767 782 1816 ὑπὲρ
807 1769 884 1804 τῶν
915 1768 1080 1804 πολλῶν
1113 1766 1235 1804 ἐστιν·
1274 1765 1415 1804 τούσδε
1445 1766 1485 1804 δὲ
1516 1764 1605 1806 τοὺς

276 1833 365 1883 περὶ
384 1836 461 1872 τῶν
481 1832 577 1884 πρὸς
598 1832 642 1871 τὸ
668 1833 859 1882 δημόσιον
879 1831 1111 1872 τούναντίον
1139 1833 1312 1884 ἰσχυρῶς
1333 1832 1394 1871 καὶ
1420 1834 1606 1884 χαλεπῶς
1629 1846 1665 1877 25

274 1901 382 1952 ἔχειν
402 1901 497 1950 ὑπὲρ
518 1901 625 1949 ὑμῶν
648 1901 770 1938 ἐστιν·
808 1900 908 1938 οὕτω
935 1900 1010 1950 γὰρ
1029 1898 1076 1938 ἂν
1102 1898 1231 1948 ἥκισθ’
1252 1899 1287 1937 οἱ
1307 1899 1606 1948 πολιτευόμενοι

273 1966 363 2008 τοὺς
383 1966 558 2007 πολλοὺς
576 1967 673 2016 ὑμᾶς
695 1967 878 2005 ἀδικοῖεν.
935 1966 1028 2005 ὅταν
1049 1964 1093 2014 δὴ
1110 1965 1233 2018 τούτῳ
1249 1968 1302 2018 τῷ
1322 1965 1429 2019 λόγῳ
1450 1967 1603 2017 χρῆται,

275 2033 338 2073 ἐπὶ
363 2032 470 2072 ταῦτ’
497 2034 710 2077 ἀπαντᾶτε,
739 2033 798 2071 ὅτι
823 2032 913 2073 τοὺς
939 2032 1081 2081 νόμους
1107 2031 1174 2071 οὐκ
1200 2032 1370 2072 ἐκείνους
1395 2031 1484 2072 τοὺς
1510 2033 1607 2082 ὑπὲρ

275 2101 381 2149 ὑμῶν
420 2099 568 2151 πράους
612 2103 727 2144 ποιεῖ,
771 2099 877 2138 ἀλλὰ
917 2097 1050 2138 τούσδ’
1090 2098 1125 2138 οἳ
1165 2101 1247 2140 τοῖς
1286 2097 1606 2148 πολιτευομένοις

276 2167 411 2217 φόβον
437 2165 695 2219 παρέχουσιν.
1626 2177 1666 2207 30

321 2286 339 2304 2
374 2277 483 2313 μηδεὶς
516 2275 688 2312 Ἀθηναίων
723 2273 746 2303 F
921 2283 940 2311 5
978 2275 1146 2312 ἀκηκοέναι
1180 2274 1222 2303 S:
1264 2274 1492 2314 προακηκοέναι
1525 2278 1601 2303 cett.

279 2329 293 2356 7
321 2320 493 2356 Ἀθηναίων
518 2324 594 2348 ante
620 2318 789 2355 δεθήσεται
817 2317 862 2347 F:
895 2323 973 2356 post
998 2319 1166 2355 δεθήσεται
1193 2317 1216 2347 S
1243 2318 1331 2355 vulg.
1465 2317 1484 2346 8
1515 2317 1604 2347 τοῦτ’

277 2365 390 2399 ἔθηκεν
413 2361 484 2391 ΑΥ
499 2362 528 2391 O
706 2372 727 2400 9
759 2361 889 2400 ἔσεσθε]
915 2362 1095 2401 ’γενήσεσθε
1123 2362 1146 2390 F
1327 2371 1362 2398 14
1395 2360 1472 2391 ὄντα
1496 2370 1559 2389 om.
1581 2360 1604 2388 5

277 2415 318 2443 25
343 2405 496 2443 δημόσιον
512 2404 711 2445 προσιόντων
730 2404 755 2434 F
844 2405 934 2444 ἔχειν
950 2405 1000 2437 καὶ
1019 2408 1167 2444 χαλεπαὶ-5
1189 2404 1212 2433 F
1346 2413 1385 2442 27
1411 2402 1502 2443 ὑμᾶς]
1522 2405 1606 2441 ὑμῶν

277 2448 359 2487 ΛΥ,
380 2449 419 2478 cf.
442 2450 498 2477 xxi
523 2459 581 2488 143
