1737 2734
99 882 135 902 10

95 1549 135 1569 20

156 157 260 211 xxm]
506 157 635 198 KAT’
677 160 1134 198 ΑΝΔΡΟἹῚΩΝΟΣ
1516 160 1637 213 [608]

154 264 245 316 παρ’
282 265 401 304 αὑτοῦ
442 262 692 313 καταθήσειν,
735 265 960 305 καταλύσας
997 265 1234 316 ψηφίσματι
1275 263 1480 315 κληρωτὴν
1512 268 1634 322 [608]

153 331 282 385 ἀρχὴν
310 331 375 371 ἐπὶ
404 337 450 388 τῇ
480 330 681 382 προφάσει
713 331 847 386 ταύτῃ,
880 331 943 371 ἐπὶ
976 331 1045 381 τὴν
1080 329 1288 382 εἴσπραξιν
1321 330 1479 381 παρέδυ.

154 399 397 450 δημηγορίαν
444 397 477 437 δ’
526 398 590 437 ἐπὶ
637 397 788 439 τούτοις
836 398 1080 448 ποιούμενος,
1131 398 1181 439 ὡς
1232 398 1318 438 ἔστι
1364 401 1481 448 τριῶν

153 465 318 516 αἵρεσις,
356 462 379 514 ἦ
411 466 460 504 τὰ
496 468 669 514 πομπεῖα
707 465 968 504 κατακόπτειν
1001 461 1025 514 ἢ
1061 463 1182 504 πάλιν
1218 463 1422 515 εἰσφέρειν
1459 461 1481 513 ἢ

153 531 243 572 τοὺς
268 532 506 583 ὀφείλοντας
532 530 797 582 εἰσπράττειν,
820 530 1060 582 αἱρουμένων
1084 532 1244 572 εἰκότως
1267 531 1375 581 ὑμῶν
1394 530 1482 572 τοὺς
1514 544 1560 578 49

153 599 391 648 ὀφείλοντας
417 597 681 649 εἰσπράττειν,
709 602 792 638 ταῖς
821 597 1100 651 ὑποσχέσεσιν
1127 597 1305 650 κατέχων
1331 598 1393 638 καὶ
1420 599 1483 638 διὰ

153 664 222 704 τὸν
256 664 389 716 καιρὸν
423 664 465 705 ’ὸς
503 664 549 715 ἦν
581 663 661 704 τότ’
694 664 800 717 ἔχων
834 663 1033 715 ἐξουσίαν,
1069 669 1151 706 τοῖς
1185 666 1258 715 μὲν
1292 663 1483 715 κειμένοις

154 732 290 781 νόμοις
328 732 417 782 περὶ
455 731 603 770 τούτων
642 730 710 770 οὐκ
749 730 842 785 ᾤετο
881 734 964 771 δεῖν
1000 733 1188 784 χρῆσθαι,
1228 730 1320 777 οὐδ’,
1359 732 1393 771 εἰ
1430 731 1482 782 μὴ

154 798 313 839 τούτους
333 797 485 848 ἐνόμιζ’
508 798 675 843 ἱκανούς,
697 797 854 849 ἑτέρους
873 797 1035 843 τιθέναι,
1056 799 1304 850 ψηφίσματα
1323 797 1355 837 δ’
1375 797 1484 838 εἶπεν

155 866 197 904 ἐν
216 866 306 915 ὑμῖν
327 866 435 905 δεινὰ
460 865 522 905 καὶ
541 863 759 916 παράνομα,
782 864 830 904 δι’
850 866 905 904 ὧν
922 864 1144 917 ἠργολάβει
1170 866 1232 904 καὶ
1251 866 1386 904 πολλὰ
1404 868 1484 904 τῶν

153 930 353 983 ὑμετέρων
390 931 600 983 κέκλοφεν,
635 931 726 973 τοὺς
762 932 900 971 ἕνδεκα
933 931 1094 983 γράψας
1130 932 1363 971 ἀκολουθεῖν
1398 932 1483 982 μεθ’

155 1000 305 1038 ἑαυτοῦ.
361 997 429 1038 εἶτ’
449 997 554 1050 ἔχων
572 998 733 1040 τούτους
752 997 814 1050 ἦγ’
835 998 898 1038 ἐπὶ
922 1000 991 1039 τὰς
1016 997 1203 1049 ὑμετέρας
1227 999 1364 1040 οἰκίας.
1421 998 1484 1038 καὶ
1517 1010 1560 1046 50

155 1065 224 1105 τὸν
253 1067 324 1115 μὲν
350 1063 595 1115 Εὐκτήμονα,
623 1063 667 1104 ὃν
694 1063 922 1116 εἰσπράξειν
946 1061 968 1114 ἦ
996 1064 1234 1115 καταθήσειν
1259 1063 1375 1106 αὐτὸς
1405 1064 1482 1117 ἔφη

156 1133 226 1172 τίις
258 1130 463 1183 εἰσφοράς,
496 1131 611 1171 οὐδὲν
645 1131 753 1184 εἶχεν
786 1131 970 1184 ἐλέγχειν
1001 1132 1090 1183 περὶ
1120 1132 1283 1177 τούτων,
1317 1132 1417 1182 ὑμᾶς
1450 1131 1483 1171 δ’

157 1197 426 1249 εἰσέπραττεν,
447 1198 584 1249 ὥσπερ
601 1196 647 1237 οὐ
672 1199 734 1237 διὰ
758 1197 830 1247 τὴν
851 1197 1102 1249 Εὐκτήμονος
1127 1198 1274 1251 ἔχθραν
1293 1199 1357 1238 ἐπὶ
1376 1198 1483 1238 ταῦτ’

155 1265 294 1310 ἐλθών,
323 1265 429 1304 ἀλλὰ
459 1266 522 1304 διὰ
546 1263 618 1314 τὴν
641 1263 843 1316 ὑμετέραν.
915 1265 979 1304 καὶ
1002 1266 1138 1316 μηδεὶς
1161 1265 1481 1316 ὑπολαμβανέτω
1515 1275 1552 1311 51

154 1349 200 1381 με
231 1331 367 1383 λέγειν
392 1331 443 1373 ὡς
466 1332 512 1371 οὐ
542 1333 642 1384 χρῆν
666 1331 918 1383 εἰσπράττειν
941 1332 1031 1373 τοὺς
1059 1333 1310 1384 ὀφείλοντας.
1383 1335 1482 1384 χρῆν

155 1398 242 1450 γάρ.
314 1399 420 1438 ἀλλὰ
450 1401 550 1443 πῶς,·
589 1397 640 1439 ὡς
670 1398 690 1436 ὁ
718 1399 837 1449 νόμος
867 1399 1031 1438 κελεύει·
1069 1403 1147 1439 τῶν
1179 1398 1316 1439 ἄλλων
1353 1399 1481 1439 ἕνεκα·

153 1468 266 1505 τοῦτο
286 1464 360 1517 γάρ
381 1466 468 1504 ἐστι
487 1465 710 1515 δημοτικόν.
774 1465 818 1505 οὐ
837 1467 911 1517 γὰρ
931 1469 1135 1511 τοσοῦτον,
1157 1464 1185 1506 ὦ
1206 1465 1343 1517 ἄνδρες
1363 1465 1480 1515 Ἀθη-

154 1536 269 1578 ναῖοι,
292 1532 492 1571 τοσούτων
513 1530 724 1584 χρημάτων
743 1535 882 1572 τοῦτον
901 1532 968 1572 τὸν
989 1534 1135 1584 τρόπον
1155 1532 1482 1585 εἰσπραχθέντων

154 1598 381 1650 ὠφέλησθε,
401 1600 500 1638 ὅσον
526 1599 746 1648 ἐζημίωσθε
769 1600 958 1639 τοιούτων
978 1601 1078 1639 ἐθῶν
1104 1601 1159 1641 εἰς
1183 1599 1254 1649 τὴν
1275 1601 1481 1640 πολιτείαν

153 1664 438 1717 εἰσαγομένων.
511 1666 545 1705 εἰ
569 1666 644 1717 γὰρ
670 1664 797 1705 θέλετ’
823 1665 1009 1716 ἐξετάσαι
1034 1667 1139 1708 τίνος
1164 1667 1295 1707 εἵνεκα
1323 1669 1481 1717 μᾶλλον

151 1732 199 1772 ἄν
229 1749 286 1773 τις
319 1732 439 1772 ἕλοιτ’
469 1733 512 1772 ἐν
540 1733 780 1786 δημοκρατίᾳ
815 1732 887 1782 ζῆν
916 1730 939 1782 ἢ
970 1734 1012 1773 ἐν
1041 1734 1267 1786 ὀλιγαρχίᾳ,
1299 1733 1403 1773 τοῦτ’
1432 1732 1480 1772 ἂν

152 1801 301 1850 εὕροιτε
333 1800 655 1851 προχειρότατον,
686 1800 747 1839 ὅτι
775 1798 904 1840 πάντα
932 1799 1115 1852 πραότερ’
1147 1801 1258 1840 ἐστὶν
1288 1801 1330 1840 ἐν
1359 1803 1478 1851 δημο-

151 1867 300 1920 κρατίᾳ.
355 1867 415 1905 ὅτι
440 1869 512 1916 μὲν
530 1867 662 1905 τοίνυν
681 1868 750 1916 τῆς
770 1867 868 1907 ὅπου
891 1867 1086 1918 βούλεσθ’
1106 1868 1340 1920 ὀλιγαρχίας
1367 1867 1479 1908 οὗτος
1511 1846 1635 1936 [309]

151 1931 445 1985 ἀσελγέστερος
475 1932 650 1984 γέγονεν,
682 1934 935 1986 παραλείψω.
1005 1935 1111 1974 ἀλλὰ
1141 1934 1231 1987 παρ’
1260 1934 1352 1985 ἡμῖν
1382 1935 1478 1974 πότε
1511 1912 1527 1947 5

149 2001 308 2040 πώποτε
338 1999 530 2040 δεινότατ’
557 2001 599 2039 ἐν
623 2006 670 2057 τῇ
694 2001 811 2040 πόλει
834 2000 1020 2053 γέγονεν,·
1060 2003 1123 2041 ἐπὶ
1148 2006 1227 2041 τῶν
1251 2000 1474 2052 τριάκοντα,

195 2121 206 2140 1
244 2111 465 2150 ὑποσχόμενος
491 2115 567 2149 post
592 2111 788 2148 καταθήσειν
811 2111 887 2141 add.
907 2111 959 2141 hic
977 2111 1063 2149 vulg.
1084 2116 1117 2141 et
1144 2112 1225 2141 xxiv
1250 2112 1311 2141 160
1335 2121 1476 2141 omnes:

148 2164 212 2185 om.
234 2154 270 2184 S¹
283 2154 321 2183 L¹
478 2165 496 2183 2
520 2156 562 2195 τῇ
578 2158 658 2184 ante
675 2153 834 2195 προφάσει
851 2165 918 2186 om.
937 2154 960 2184 S
976 2155 1000 2184 L
1013 2154 1042 2184 Y
1054 2154 1084 2184 O
1233 2164 1253 2192 3
1277 2155 1476 2195 δημηγορίαν

149 2197 172 2227 S
188 2197 212 2227 L
237 2198 318 2227 xxiv
345 2198 423 2228 160:
457 2197 652 2238 δημηγορίας
677 2197 731 2227 hic
755 2207 873 2227 omnes
1007 2209 1025 2236 4
1058 2200 1129 2237 ὑμῖν
1154 2203 1229 2237 post
1255 2199 1374 2238 αἵρεσις
1397 2198 1474 2229 add.

146 2241 255 2279 vulg.·.
281 2251 346 2271 om.
367 2239 402 2270 S¹
419 2239 469 2271 L1.
490 2240 529 2271 cf.
553 2241 632 2270 xxiv
653 2241 710 2270 161
892 2251 908 2279 7
936 2242 970 2274 ὃς
995 2241 1034 2278 ἧν
1055 2240 1097 2280 A,
1116 2241 1157 2272 cf.
1177 2242 1257 2270 xxiv
1279 2242 1334 2271 161
1354 2252 1360 2271 :
1393 2242 1474 2279 ὅσην

148 2284 171 2314 S
185 2284 210 2314 L
223 2284 253 2314 Y
268 2284 291 2314 F
456 2285 494 2314 18
519 2283 642 2323 ‘’vmwv]
661 2287 795 2315 πολλῶν
811 2284 899 2315 coni.
920 2284 1056 2315 Dobree
1218 2295 1261 2315 20
1284 2287 1401 2316 τοῦτον
1416 2286 1473 2316 τὸν

145 2327 265 2367 τρόπον
296 2332 372 2367 post
404 2326 579 2367 χρημάτων
611 2326 673 2357 SL
705 2327 819 2365 vulg.:
857 2332 936 2357 ante
967 2328 1134 2359 τοσούτων
1165 2327 1218 2358 A:
1256 2328 1336 2358 secl.
1374 2327 1472 2358 Blass

145 2380 187 2400 22
219 2371 326 2403 θέλετ’
351 2371 375 2401 S
390 2371 415 2400 L
432 2370 459 2400 Y
472 2370 513 2405 O,
533 2371 575 2401 cf.
596 2373 611 2407 ξ
631 2379 683 2409 55,
702 2371 782 2400 xxiv
807 2372 889 2408 163:
923 2372 1065 2402 ἐθέλοιτε
1092 2372 1178 2410 vulg.
1197 2383 1203 2401 z
1236 2371 1355 2403 θέλοντ’
1374 2371 1474 2402 Blass

146 2424 186 2452 25
219 2415 288 2446 ὅποι
314 2414 380 2445 AF
534 2414 576 2443 26
603 2416 668 2444 τῶν
691 2419 770 2444 ante
794 2415 924 2446 πώποτε
948 2415 1025 2445 add.
1043 2414 1152 2445 Cobet
1178 2415 1231 2445 hic
1256 2419 1288 2445 et
1314 2415 1394 2445 xxiv
1415 2416 1473 2453 163

144 2468 184 2495 27
211 2460 339 2490 πώποτε
356 2468 420 2488 om.
443 2457 546 2488 Paris.
567 2467 652 2496 2940
