1737 2734
129 135 204 189 xx]
520 141 680 179 ΠΡΟΣ
730 141 1067 179 ΑΕΠΤΙΝΗΝ

688 309 887 338 ΨΗΦῙΣΜΑ.

190 402 274 442 Τὰς
298 402 371 451 μὲν
397 399 626 452 εὐεργεσίας
652 400 737 441 ἀνθ’
757 401 813 440 ὧν
838 401 972 452 εὕρετο
997 400 1068 450 τὴν
1093 399 1278 441 ἀτέλειαν
1304 401 1324 440 ὁ
1343 400 1454 442 ’Em-

125 466 261 520 κέρὸης
294 466 479 517 ἀκηκόατ’
513 468 556 507 ἐκ
589 471 667 507 τῶν
699 466 992 519 ψηφισμάτων,
1027 465 1056 507 ὦ
1089 467 1226 519 ἄνδρες
1260 470 1455 509 δικασταί.

124 537 308 574 σκοπεῖτε
340 535 380 574 δὲ
410 533 462 584 μὴ
492 537 618 579 τοῦτο,
651 535 683 574 εἰ
715 536 814 585 μνᾶς
848 534 987 574 ἑκατὸν
1019 534 1079 574 καὶ
1108 533 1231 575 πάλιν
1260 533 1457 576 τάλαντον

85 617 100 647 5
124 600 267 641 ἔδωκεν
295 599 400 650 (οὐδὲ
430 602 506 652 γὰρ
535 600 625 641 τοὺς
654 601 858 651 λαβόντας
888 600 1005 652 ἔγωγ’
1035 601 1201 652 ἡγοῦμαι
1230 600 1274 641 τὸ
1303 604 1456 652 πλῆθος

123 670 201 708 τῶν
225 667 439 720 χρημάτων
466 666 690 718 θαυμάσαι),
713 667 820 707 ἀλλὰ
844 666 915 716 τὴν
935 668 1154 718 προθυμίαν
1180 668 1242 708 καὶ
1266 667 1311 708 τὸ
1336 669 1455 709 αὐτὸν

124 733 467 786 ἐπαγγειλάμενον
488 737 615 774 ποιεῖν
641 734 703 773 καὶ
728 733 818 775 τοὺς
844 733 999 785 καιροὺς
1025 735 1066 773 ἐν
1086 734 1156 775 οἷς.
1214 734 1358 776 πάντες
1383 737 1455 785 μὲν

122 799 199 852 γάρ
228 802 331 841 εἰσιν
362 802 460 842 ἴσως
494 800 596 851 ἄξιοι
629 800 746 854 χάριν
779 799 1157 850 ἀνταπολαμβάνειν
1187 802 1223 841 οἱ
1253 801 1451 852 προϋπάρ-

121 883 263 920 χοντες
288 871 341 921 τῷ
368 871 495 908 ποιεῖν
521 867 575 912 εὖ,
604 867 780 918 μάλιστα
805 866 837 907 δ’
857 868 893 907 οἱ
919 868 1024 918 παρὰ
1049 868 1118 908 τῖίς
1142 867 1291 919 χρείας,
1317 869 1373 908 ὧν
1399 869 1454 910 εἶς

63 948 100 969 10
121 933 233 975 οὗτος
267 933 364 985 ἁνὴρ
393 933 448 974 ὢν
478 935 674 986 φαίνεται.
747 933 814 974 εἶτ’
846 934 914 974 οὐκ
946 933 1220 986 αἰσχυνόμεθ’,
1251 931 1281 974 ὦ
1315 933 1453 986 ἄνδρες

120 999 338 1050 Ἀθηναῖοι,
359 1001 448 1042 τοὺς
467 1004 534 1040 τοῦ
553 1000 730 1040 τοιούτου
753 1003 894 1041 παῖδας
919 1001 952 1040 εἰ
976 1001 1170 1051 μηδεμίαν
1190 999 1451 1052 ποιησάμενοι

119 1067 267 1107 τούτων
291 1069 457 1117 μηδενὸς
481 1068 619 1117 μνείαν
644 1066 892 1123 ἀφῃρημένοι
919 1067 1151 1119 φανούμεθα
1173 1066 1245 1117 τὴν
1271 1067 1449 1120 δωρειάν,

118 1136 240 1184 μηδὲν
260 1135 421 1187 ἔχοντες
446 1133 683 1186 ἐγκαλέσαι;
721 1134 765 1174 οὐ
783 1135 857 1186 γὰρ
878 1135 911 1174 εἰ
937 1134 1064 1186 ἕτεροι
1088 1135 1161 1184 μὲν
1181 1132 1285 1183 ἦσαν
1304 1136 1340 1174 οἱ
1359 1136 1448 1176 τότε

119 1200 314 1242 σωθέντες
337 1199 403 1241 ὑπ’
423 1200 541 1240 αὐτοῦ
567 1202 628 1241 καὶ
653 1201 788 1242 δόντες
812 1200 883 1250 τὴν
909 1200 1103 1247 ἀτέλειαν,
1132 1201 1258 1252 ἕτεροι
1283 1200 1316 1240 δ’
1341 1202 1449 1252 ὑμεῖς

60 1282 96 1314 15
118 1268 154 1307 οἱ
180 1270 247 1308 νῦν
267 1268 566 1320 ἀφαιρούμενοι,
589 1268 755 1308 ἀπολύει
779 1271 892 1307 τοῦτο
917 1267 988 1317 τὴν
1009 1267 1218 1320 αἰσχύνην,
1241 1267 1333 1307 ἀλλ’
1353 1268 1448 1308 αὐτὸ

117 1333 162 1383 δὴ
191 1338 305 1374 τοῦτο
339 1335 402 1374 καὶ
431 1334 476 1374 τὸ
509 1335 638 1374 δεινόν
669 1336 792 1374 ἐστιν.
865 1335 898 1374 εἰ
926 1336 1002 1386 γὰρ
1031 1336 1068 1374 οἱ
1099 1336 1172 1385 μὲν
1202 1335 1350 1377 εἰδότες
1384 1336 1446 1375 καὶ

116 1401 307 1443 παθόντες
344 1401 434 1452 ἄξια
471 1402 622 1441 τούτων
661 1401 841 1451 ἐνόμιζον
880 1401 921 1441 εἴ)
960 1401 1148 1454 πάσχειν,
1188 1401 1299 1451 ἡμεῖς
1338 1401 1370 1441 δ’
1409 1404 1444 1442 οἱ

113 1467 222 1522 λόγῳ
252 1468 359 1508 ταῦτ’
389 1468 598 1510 ἀκούοντες
629 1468 680 1509 ὡς
710 1467 881 1517 ἀναξίων
908 1469 1227 1520 ἀφαιρησόμεθα,
1259 1472 1342 1510 πῶς
1370 1468 1442 1521 οὐχ

113 1533 339 1586 ὑπέρδεινον
366 1534 604 1586 ποιήσομεν,·
643 1536 663 1574 ὁ
689 1534 804 1576 αὐτὸς
828 1535 960 1575 τοίνυν
986 1537 1076 1575 ἐστί
1095 1552 1162 1585 μοι
1185 1535 1306 1586 λόγος
1330 1535 1442 1577 οὗτος

55 1616 93 1637 20
115 1601 176 1640 καὶ
202 1602 290 1653 περὶ
315 1605 394 1642 τῶν
412 1601 500 1643 τοὺς
524 1603 802 1654 τετρακοσίους
828 1601 1149 1647 καταλυσάντων,
1173 1601 1236 1641 καὶ
1256 1602 1344 1653 περὶ
1363 1606 1441 1642 τῶν

112 1666 168 1706 ὅτ’
186 1667 355 1720 ἔφευγεν
376 1669 396 1707 ὁ
416 1671 536 1720 δῆμος
555 1669 774 1721 χρησίμους
794 1668 934 1710 αὑτοὺς
953 1669 1257 1722 παρασχόντων·
1291 1667 1441 1710 πάντας

111 1734 186 1786 γὰρ
220 1734 359 1776 αὐτοὺς
394 1735 562 1787 ἡγοῦμαι
599 1735 789 1775 δεινότατ’
820 1734 870 1775 ἂν
906 1738 1059 1781 παθεῖν,
1095 1737 1131 1775 εἴ
1164 1752 1201 1775 τι
1236 1738 1314 1775 τῶν
1350 1736 1440 1775 τότε

110 1801 400 1852 ψηφισθέντων
424 1803 556 1844 αὐτοῖς
579 1802 728 1852 λυθείη.

178 1869 227 1908 Εἰ
252 1870 385 1909 τοίνυν
409 1885 466 1910 τις
495 1870 602 1919 ὑμῶν
628 1870 752 1909 ἐκεῖνο
778 1868 1002 1914 πέπεισται,
1030 1868 1132 1909 πολὺ
1156 1872 1225 1909 τοῦ
1254 1871 1444 1919 δεηθῆναί

52 1947 88 1980 25
109 1949 214 1975 τινος
243 1935 421 1976 τοιούτου
451 1939 520 1975 νῦν
549 1934 714 1988 ἀπέχειν
743 1935 814 1985 τὴν
844 1936 975 1981 πόλιν,
1007 1938 1128 1975 ταῦτα
1155 1937 1229 1986 μὲν
1259 1935 1439 1988 εὐχέσθω

108 2004 191 2042 τοῖς
217 2003 333 2048 θεοῖς,
362 2002 468 2054 κάγὼ
499 2002 753 2055 συνεύχομαι,
780 2001 1001 2054 λογιζέσθω
1033 2004 1073 2042 δὲ
1101 2006 1257 2053 πρῶτον
1281 2004 1354 2052 μὲν
1379 2003 1438 2042 ὅτι

109 2067 196 2118 περὶ
226 2069 346 2119 νόμου
375 2068 516 2119 μέλλει
545 2068 681 2121 φέρειν
710 2068 780 2118 τὴν
805 2071 948 2121 ψῆφον
978 2066 1006 2123 ᾧ
1032 2068 1085 2119 μὴ
1115 2068 1274 2109 λυθέντι
1303 2067 1439 2119 δεήσει

150 2186 172 2215 9
194 2180 240 2218 τῷ
257 2178 352 2208 codd.
370 2190 375 2209 :
402 2181 459 2209 τοῦ
477 2177 616 2217 Seager,
639 2177 772 2207 Dobree
906 2179 982 2216 ὑμᾶς
1001 2177 1035 2208 εὖ
1053 2177 1078 2207 L
1092 2177 1116 2207 F
1296 2188 1336 2208 10
1359 2177 1437 2219 ἀνὴρ

109 2218 260 2251 Bekker:
287 2222 364 2263 ἀνὴρ
381 2222 489 2255 ςοόά..
511 2221 552 2253 cf.
573 2224 609 2258 ἐξ
627 2231 678 2260 33,
699 2231 740 2259 42
886 2231 923 2260 15
948 2221 1082 2252 ἀπολύει
1100 2221 1198 2251 codd.
1216 2232 1221 2251 z
1247 2220 1318 2253 λύει
1338 2221 1435 2251 Blass

106 2263 181 2294 coll.
201 2263 338 2294 Aristid.
360 2265 367 2294 i
387 2266 461 2303 583,
484 2265 601 2295 Liban.
621 2265 629 2294 i
648 2265 723 2303 383,
744 2274 773 2303 5,
795 2264 828 2294 iii
847 2274 921 2303 423,
944 2275 960 2303 7
1052 2265 1129 2296 αὐτὸ
1147 2265 1185 2302 δὴ
1202 2266 1299 2296 τοῦτο
1316 2264 1433 2296 codd.:

107 2308 241 2339 ἐνταῦθα
264 2309 303 2346 δὴ
329 2308 424 2338 Blass
449 2308 523 2339 coll.
543 2308 684 2339 Aristid.
708 2308 728 2338 ii
753 2309 827 2347 596,
855 2308 862 2337 i
890 2317 960 2347 779,
988 2308 996 2337 i
1021 2309 1096 2347 583,
1120 2307 1235 2339 Liban.
1263 2309 1295 2338 iv
1319 2308 1373 2347 68,
1397 2309 1435 2337 16

109 2351 149 2379 16
173 2351 294 2382 εἰδότες
311 2353 362 2383 καὶ
380 2351 553 2392 παθόντες]
573 2352 696 2384 ἰδόντες
712 2352 763 2384 καὶ
781 2353 935 2392 παρόντες
953 2352 1058 2382 schol.
1201 2361 1236 2389 17
1262 2350 1434 2391 παθόντες]

105 2393 261 2434 παρόντες
278 2394 309 2424 Α
322 2394 346 2424 F
362 2405 446 2426 corr·

150 2458 333 2486 DEMOSTH.,
354 2460 430 2479 VOL.
454 2460 489 2479 ιι.
1286 2453 1304 2481 2

1495 142 1611 196 [470]

1488 416 1529 452 45

1486 667 1591 722 [471]

1480 1147 1523 1181 47

1470 1880 1515 1915 49
