1737 2734
155 154 267 206 [726]

160 925 268 979 [727]

728 155 1214 193 ΔΗλῙΟΣΘΕΝΟΎΣ
1515 150 1628 204 [Χκιν

301 258 373 309 οὐχ
407 259 512 298 ὅπως
545 257 719 297 δώσουσι
754 259 864 308 δίκην
896 259 950 298 ὧν
984 257 1031 298 ἂν
1065 259 1173 308 ὑμεῖς
1206 258 1420 310 καταγνῶτ’
1452 259 1629 305 ἐσκόπει,

301 323 392 363 ἀλλ’
417 325 521 364 ὅπως
545 322 610 373 μή.

371 389 467 428 Εἶτα
509 394 590 430 πῶς
637 390 855 442 γέγραπται
903 393 1000 440 μετὰ
1043 394 1182 436 ταῦτα,·
1239 393 1248 407 ‘
1266 390 1499 431 καθιστάναι
1539 392 1630 434 τοὺς

302 457 496 507 ἐγγυητὰς
526 455 548 505 ἦ
576 456 653 506 μὴν
687 458 882 497 ἐκτείσειν
915 458 958 497 τὸ
992 458 1177 509 ἀργύριον
1204 456 1224 496 ὃ
1250 454 1414 509 ὦφλεν.’
1474 458 1630 498 ἐνταυθὶ

302 521 423 562 πάλιν
448 526 526 562 τῶν
553 524 665 574 ἱερῶν
690 526 762 573 μὲν
787 523 1000 574 χρημάτων
1026 523 1098 573 τὴν
1124 524 1400 563 δεκαπλασίαν
1418 524 1627 579 ὑφῄρηται,

300 591 377 628 τῶν
402 588 434 628 δ’
461 589 596 637 ὁσίων,
626 590 787 629 ὁπόσων
813 591 855 630 ἐν
879 594 931 643 τῷ
958 591 1063 644 νόμῳ
1084 589 1398 639 διπλασιάζεται,
1425 589 1469 629 τὸ
1493 591 1628 641 ἥμισυ.

301 658 381 696 πῶς
418 655 463 704 δὴ
500 659 614 695 τοῦτο
650 659 771 701 ποιεῖ;
821 655 981 708 γράψας
1015 657 1102 696 ἀντὶ
1135 658 1207 706 μὲν
1241 659 1308 695 τοῦ
1340 655 1553 706 τιμήματος
1585 657 1630 697 τὸ

302 721 497 772 ἀργύριον,
527 723 612 762 ἀντὶ
647 725 687 763 δὲ
720 725 788 762 τοῦ
823 726 892 762 “τό
928 721 1191 775 γιγνόμενον,’
1225 722 1274 762 ’ὃ
1309 720 1475 774 ῶφλεν.’
1544 725 1627 763 δια-

302 787 415 838 φέρει
452 791 492 828 δὲ
525 790 580 834 τί;
631 790 664 829 εἰ
696 791 768 839 μὲν
803 790 956 841 ἔγραψε
991 788 1226 829 καθιστάναι
1261 789 1349 830 τοὺς
1382 790 1573 841 ἐγγυητὰς
1607 789 1630 839 ἦ

300 854 376 903 μὴν
410 856 603 896 ἐκτείσειν
640 856 683 895 τὸ
720 857 867 905 τίμημα
903 856 947 895 τὸ
985 856 1233 907 γιγνόμενον,
1271 854 1631 908 προσπεριειλήφει

300 921 390 963 τοὺς
415 922 557 971 νόμους
589 922 637 962 ἂν
672 922 756 961 καθ’
783 923 848 963 οὓς
873 924 919 962 τα
945 925 1016 972 μὲν
1042 925 1176 967 διπλᾶ,
1203 924 1249 961 τὰ
1283 924 1323 962 δὲ
1358 922 1420 962 καὶ
1454 925 1629 962 δεκαπλᾶ

299 988 475 1039 γίγνεται
504 992 579 1028 τῶν
609 988 867 1040 ὀφλημάτων·
907 989 1001 1028 ὥστ’
1029 991 1070 1029 ἐκ
1105 989 1253 1028 τούτων
1287 987 1332 1038 ἦν
1367 988 1514 1041 ἀνάγκη
1545 992 1626 1031 τοῖς

298 1055 499 1106 ὀφλοῦσιν
524 1059 566 1094 τὸ
592 1055 867 1106 γεγραμμένον
891 1055 924 1094 τ’
952 1057 1117 1096 ἐκτίνειν
1147 1055 1207 1094 καὶ
1232 1057 1300 1096 τὰς
1327 1056 1370 1095 ἐκ
1394 1059 1472 1095 τῶν
1498 1056 1627 1106 νόμων

298 1121 529 1172 προσούσας
551 1122 685 1171 ζημίας
707 1123 991 1172 καταβάλλειν.
1055 1125 1120 1162 νῦν
1149 1121 1182 1161 δ’
1208 1123 1250 1161 ἐν
1275 1121 1326 1176 τῷ
1349 1121 1503 1174 γράψαι
1531 1125 1540 1139 ‘
1556 1121 1628 1172 τὴν

299 1186 546 1228 κατάστασιν
572 1189 670 1229 εἶναι
689 1193 767 1228 τῶν
788 1190 988 1240 ἐγγυητῶν
1010 1188 1031 1239 ἦ
1055 1189 1132 1239 μὴν
1161 1188 1354 1228 ἐκτείσειν
1373 1188 1417 1228 τὸ
1443 1189 1627 1240 ἀργύριον

298 1254 318 1293 ὃ
344 1253 508 1305 ῶφλεν,’
530 1257 571 1295 ἐκ
591 1258 658 1305 τῆς
678 1255 830 1306 λήξεως
851 1256 913 1295 καὶ
932 1259 1010 1295 τῶν
1037 1253 1277 1307 γραμμάτων
1297 1254 1361 1307 ἐφ’
1383 1256 1440 1296 οῖς
1461 1256 1628 1296 ἕκαστος

297 1319 466 1374 εἰσήχθη
487 1326 593 1362 ποιεῖ
615 1322 686 1371 τὴν
712 1323 875 1368 ἔκτισιν,
899 1323 940 1363 ἐν
961 1323 1017 1363 οἷς
1039 1325 1160 1363 πᾶσιν
1184 1323 1337 1362 ἁπλοῦν
1362 1323 1384 1361 ὅ
1407 1338 1465 1364 τις
1490 1319 1628 1374 ὦφλεν

298 1388 482 1439 ἀργύριον
508 1388 740 1440 γέγραπται.

367 1456 480 1495 Μετὰ
504 1459 623 1495 ταῦτα
648 1457 778 1496 τοίνυν
804 1459 1012 1506 τηλικοῦτο
1042 1455 1188 1508 πρᾶγμ’
1214 1456 1366 1497 ἀνελὼν
1400 1456 1442 1495 ἐν
1475 1455 1522 1511 τῇ
1551 1458 1628 1495 τῶν

295 1521 478 1572 ῥημάτων
510 1522 732 1572 μεταθέσει,
763 1522 1048 1575 προσέγραψεν
1079 1525 1087 1539 ‘
1106 1522 1196 1565 τοὺς
1228 1526 1270 1564 δὲ
1299 1521 1509 1574 προέδρους
1542 1523 1626 1562 ἐπι-

295 1593 537 1640 χειροτονεῖν
559 1589 790 1641 ἐπάναγκες,
820 1590 914 1630 ὅταν
940 1606 998 1631 τις
1021 1588 1255 1630 καθιστάναι
1280 1588 1504 1640 βούληται,’
1523 1590 1629 1641 παρὰ

295 1653 424 1694 πάντα
459 1655 527 1695 τὸν
562 1657 683 1706 νόμον
720 1657 899 1706 οἰόμενος
936 1659 1017 1696 δεῖν
1051 1654 1188 1710 σῴζειν
1220 1656 1288 1696 τὸν
1322 1655 1533 1705 ἠδικηκότα
1567 1655 1629 1695 καὶ

294 1721 362 1760 τὸν
387 1722 429 1761 ἐν
455 1723 544 1772 ὑμῖν
570 1723 784 1762 ἑαλωκότα.
857 1722 946 1765 δοὺς
974 1725 1048 1774 γὰρ
1073 1723 1168 1762 ὅταν
1194 1723 1390 1773 βούληται
1414 1721 1486 1772 τὴν
1512 1721 1626 1761 κατά-

296 1804 442 1828 στασιν
467 1789 568 1843 αὐτῷ
595 1793 673 1830 τῶν
701 1791 915 1841 ἐγγυητῶν,
946 1789 1006 1829 ἐπ’
1034 1790 1169 1843 ἐκείνῳ
1196 1790 1411 1839 πεποίηκεν
1443 1787 1629 1838 μηδέποτ’

298 1855 470 1895 ἐκτεῖσαι
517 1858 615 1906 μηδὲ
660 1859 832 1906 δεθῆναι.
903 1857 961 1897 τίς
1009 1858 1083 1908 γὰρ
1127 1855 1171 1895 οὐ
1212 1859 1407 1907 ποριεῖται
1450 1855 1629 1907 φαύλους

296 1922 536 1973 ἀνθρώπους,
567 1923 632 1964 οὓς
658 1924 753 1963 ὅταν
785 1924 894 1972 ὑμεῖς
928 1921 1308 1975 ἀποχειροτονήσητ’
1335 1919 1627 1973 ἀπηλλάξεται,·

297 1990 365 2028 ἐὰν
391 1988 465 2040 γάρ
491 2006 549 2031 τις
571 1990 622 2031 ὡς
641 1990 685 2030 οὐ
708 1989 948 2030 καθιστάντα
969 1990 1058 2031 τοὺς
1084 1991 1276 2041 ἐγγυητὰς
1302 1988 1408 2039 ἀξιοῖ
1430 1987 1627 2033 δεδέσθαι,

298 2054 422 2105 φήσει
443 2056 504 2096 καὶ
527 2055 763 2096 καθιστάναι
784 2057 846 2096 καὶ
867 2055 1147 2106 καταστήσειν,
1173 2056 1234 2096 καὶ
1260 2055 1380 2107 δείξει
1398 2055 1467 2096 τὸν
1489 2055 1629 2095 τούτου

345 2176 363 2202 4
389 2166 530 2197 ἐνταυθΓ
552 2168 699 2197 ἐνταυθοῖ
714 2166 744 2195 Α
762 2176 846 2196 corr.
869 2165 893 2195 F
910 2176 1008 2196 corr..
1029 2165 1069 2195 cf.
1089 2165 1195 2195 schol.
1218 2175 1248 2204 p.
1269 2166 1342 2203 765,
1361 2175 1403 2194 22
1528 2173 1547 2202 5
1570 2163 1631 2202 μὲν

302 2214 378 2248 post
397 2211 486 2250 ἱερῶν
507 2210 537 2239 Α
556 2221 562 2238 :
587 2214 663 2248 post
681 2212 745 2241 τῶν
761 2209 851 2247 vulg.
868 2220 874 2238 :
900 2219 964 2239 om.
986 2208 1008 2238 S
1027 2208 1118 2238 soxus
1243 2210 1264 2238 6
1289 2206 1381 2240 ὁπόσ’
1400 2206 1497 2238 Blass
1585 2210 1630 2247 τῷ

302 2262 366 2282 om.
398 2252 422 2283 S
455 2253 547 2283 solus
727 2262 761 2282 11
803 2255 901 2284 διπλᾶ
933 2257 966 2282 ct
998 2254 1142 2284 δεκαπλᾶ
1173 2251 1367 2290 transposui
1400 2261 1473 2281 cum
1504 2249 1630 2280 Weilio

306 2305 344 2334 13
376 2296 548 2336 ὀφλοῦσιν]
577 2296 743 2335 ὀφείλουσι
769 2295 884 2326 AYO
1068 2305 1103 2333 14
1133 2294 1160 2326 δ’
1179 2298 1213 2326 ἐν
1238 2294 1322 2325 SB:
1357 2294 1391 2326 δὲ
1415 2294 1470 2332 aL,
1490 2293 1530 2324 cf.
1555 2294 1629 2332 §84

303 2338 372 2369 init.
527 2340 566 2369 16
589 2341 709 2379 λήξεως
737 2337 773 2369 S¹
799 2349 884 2369 corr.
906 2339 938 2369 in
965 2349 1066 2377 marg.
1087 2338 1151 2370 a1.:
1177 2338 1293 2378 λέξεως
1318 2336 1356 2367 S¹
1383 2342 1464 2368 text.
1487 2336 1553 2367 FO
1576 2349 1629 2376 γρ.

304 2393 345 2412 20
371 2385 568 2422 χειροτονεῖν
585 2383 615 2413 Α
770 2384 812 2413 26
836 2383 1058 2421 ἀπηλλάξεται
1077 2382 1194 2420 Cobet,
1214 2382 1253 2412 cf.
1275 2391 1319 2411 xx
1339 2382 1398 2412 28:
1425 2380 1630 2420 ἀπαλλάξετε

303 2426 333 2455 Λ
347 2425 375 2455 Υ
387 2425 418 2456 Ο
435 2449 439 2455 .
466 2426 706 2467 ἀπαλλάξονται
725 2426 748 2455 S
762 2426 787 2456 F

1655 876 1689 898 10

1653 1208 1688 1239 15

1652 1541 1690 1562 20
