1737 2734
150 155 253 210 [718]

204 1401 245 1437 57

709 156 1193 193 ΔΗΜΟΣΘΕΝΟΎΣ
1494 151 1610 205 [xxw

284 259 328 299 τὸ
348 257 599 309 δικαστήριον
618 257 847 307 λυθήσεται,
872 257 1115 308 καταστήσει
1140 257 1172 297 δ’
1195 259 1384 310 ἐγγυητὰς
1412 259 1432 297 ὁ
1454 259 1608 310 ὀφλών.

286 326 348 365 καὶ
374 327 394 365 ὁ
417 328 488 376 μὲν
514 325 633 374 νόμος
657 323 745 374 μηδ’
766 324 1025 376 ἐπιψηφίζειν
1052 325 1154 375 φησὶ
1180 327 1257 364 τῶν
1283 325 1488 377 ἀρχόντων
1505 327 1610 376 παρὰ

283 395 404 432 ταῦτα
432 390 593 441 μηδένα·
631 391 651 429 ὁ
684 390 717 430 δ’
747 390 900 441 ἔγραψε
930 393 1011 431 τοῖς
1043 389 1246 441 προέδροις
1280 390 1510 442 ἐπάναγκες,
1542 392 1610 431 ἐάν

283 475 341 500 τις
381 460 561 514 καθιστῇ,
601 456 834 508 προσάγειν,
873 456 936 496 καὶ
975 456 1261 508 προσέγραψεν
1300 456 1430 496 ‘0‘770'7'’
1468 457 1515 498 ἄν
1551 474 1610 499 τις

283 523 506 573 βούληται.’

350 589 444 641 Λέγ’
471 589 597 629 ἄλλον
624 590 757 639 νόμον.

866 703 1023 731 ΝΟΜΟΣ.

335 774 408 811 Τὰς
437 771 536 811 δίκας
567 772 625 808 καὶ
654 773 718 811 τὰς
748 771 897 813 διαίτας,
919 771 1007 808 ὅσαι
1036 771 1204 822 ἐγένοντο
1233 771 1291 808 ἐπὶ
1318 774 1393 811 τοῖς
1420 772 1543 820 νόμοις
1573 775 1610 808 ἐν

280 825 604 875 δημοκρατουμένῃ
624 827 671 875 τῇ
691 826 810 869 πόλει,
833 826 955 873 κυρίας
977 824 1076 862 εἶναι.

347 949 406 988 Οὔ
448 953 550 999 φησι
591 946 851 998 Τιμοκράτης,
896 946 1034 986 οὔκουν
1083 947 1248 987 ὁπόσοις
1290 945 1326 997 γ’
1369 945 1416 987 ἂν
1463 949 1610 997 δεσμοῦ

279 1015 542 1070 προστιμηθῇ.

348 1080 462 1132 Λέγε.

868 1142 1023 1171 ΝΟΜΟΣ.

331 1210 479 1249 Ὁπόσα
500 1210 528 1249 δ’
549 1211 608 1249 ἐπὶ
628 1213 698 1248 τῶν
719 1213 914 1260 τριάκοντα
939 1209 1108 1261 ἐπράχθη
1132 1209 1155 1259 ἢ
1183 1209 1265 1259 δίκη
1285 1209 1472 1257 ἐδικάσθη,
1493 1208 1517 1256 ἢ
1537 1210 1609 1260 ἰδίᾳ

276 1265 299 1315 ἢ
320 1265 493 1316 δημοσίᾳ,
517 1267 631 1314 ἄκυρα
652 1265 753 1303 εἶναι.

344 1385 555 1439 Ἐπίσχες.
611 1386 697 1426 εἰπέ
720 1403 799 1437 μοι,
822 1387 862 1426 τί
885 1386 1111 1426 δεινότατον
1130 1385 1275 1427 πάντες
1300 1385 1347 1425 ἂν
1368 1385 1609 1428 ἀκούσαντες

278 1452 465 1504 φήσαιτε,
508 1453 569 1492 καὶ
609 1454 648 1492 τί
683 1452 846 1503 μάλιστ’
883 1452 931 1493 ἂν
970 1450 1229 1501 ὰπεύξαισθε;
1281 1451 1369 1504 οὐχὶ
1406 1456 1526 1492 ταῦτα
1561 1454 1607 1492 τὰ

278 1519 476 1571 πράγμαθ’
506 1519 605 1571 άπερ
636 1518 682 1569 ἦν
716 1519 780 1559 ἐπὶ
813 1523 891 1560 τῶν
921 1518 1131 1571 τριάκοντα
1163 1518 1214 1569 μὴ
1244 1518 1451 1570 γενέσθαι;
1490 1518 1607 1570 ἔγωγ’

277 1586 396 1636 οἶμαι.
469 1587 489 1625 ὁ
514 1589 608 1638 γοῦν
634 1586 753 1636 νόμος
783 1586 932 1632 οὑτοσί,
961 1586 1268 1635 εὐλαβούμενος,
1297 1585 1347 1626 ὡς
1374 1585 1458 1635 ἐμοὶ
1487 1588 1604 1631 δοκεῖ,

276 1653 320 1692 τὸ
345 1656 520 1693 τοιοῦτον
541 1654 681 1693 ἀπεῖπε
707 1655 755 1692 τὰ
781 1651 992 1705 πραχθέντ’
1020 1652 1080 1692 ἐπ’
1107 1653 1268 1692 ἐκείνων
1293 1651 1344 1701 μὴ
1372 1651 1467 1703 κύρι’
1493 1651 1606 1692 εἶναι.

276 1721 414 1759 οὑτοσὶ
444 1720 575 1760 τοίνυν
606 1719 676 1769 τὴν
706 1719 827 1769 αὐτὴν
859 1719 1033 1771 κατέγνω
1063 1719 1310 1770 παρανομίαν
1338 1722 1416 1758 τῶν
1446 1718 1510 1758 ἐπὶ
1538 1721 1607 1768 τῆς

277 1787 536 1837 δημοκρατίας
575 1786 862 1838 πεπραγμένων
906 1786 1027 1837 ἥνπερ
1065 1789 1143 1826 τῶν
1183 1784 1243 1825 ἐπ’
1288 1787 1448 1825 ἐκείνων
1485 1784 1605 1835 ὑμεῖς·

279 1854 419 1903 ὁμοίως
454 1856 548 1905 γοῦν
585 1852 708 1903 ἄκυρα
744 1856 859 1893 ποιεῖ.
933 1853 1057 1892 καίτοι
1094 1853 1134 1892 τί
1168 1851 1366 1903 φήσομεν,
1404 1850 1434 1892 ὦ
1471 1852 1607 1904 ἄνδρες

278 1919 493 1970 Ἀθηναῖοι,
537 1922 676 1960 τοῦτον
720 1920 849 1970 κύριον
892 1919 960 1959 τὸν
1003 1920 1122 1968 νόμον
1165 1918 1356 1960 ἐάσαντες
1398 1918 1604 1970 γενέσθαι;

277 1987 444 2038 πότερον
480 1988 528 2025 τὰ
561 1984 807 2037 δικαστήρια,
835 1986 858 2026 ἃ
888 1985 1252 2037 δημοκρατουμένης
1282 1987 1351 2035 τῆς
1381 1985 1535 2026 πόλεως
1565 1986 1607 2024 ἐκ

276 2056 355 2092 τῶν
383 2053 647 2103 ὀμωμοκότων
676 2056 906 2104 πληροῦται,
938 2052 1044 2092 ταῦτ’
1076 2051 1292 2103 ἀδικήματα
1320 2055 1401 2093 τοῖς
1435 2052 1497 2092 ἐπὶ
1529 2055 1607 2091 τῶν

322 2173 341 2201 3
364 2166 430 2194 τοῖς
449 2162 611 2203 προέδροις
630 2163 715 2192 codd
732 2186 738 2194 .
756 2162 796 2193 cs.
820 2165 833 2199 ξ
853 2163 917 2201 892
943 2163 1016 2193 τοὺς
1035 2161 1202 2202 προέδρους
1222 2161 1363 2194 Dobree,
1382 2161 1422 2191 cf.
1441 2162 1478 2198 ἓξ
1497 2161 1604 2200 39,84

279 2210 316 2244 ξς
343 2208 450 2245 56—58
481 2207 586 2238 ὁπόσα
614 2206 641 2237 δ’
667 2207 716 2237 ἐπὶ
746 2229 753 2236 .
785 2230 791 2236 .
825 2230 832 2236 .
862 2206 955 2237 ταῦτ’
982 2205 1177 2246 ἀδικήματα]
1204 2205 1460 2243 Oxyrhynchus
1484 2204 1604 2243 Papyri

277 2250 297 2279 ii
330 2259 476 2289 132-133
637 2259 672 2287 14
710 2250 781 2290 δίκῃ
812 2248 837 2278 F
1005 2258 1041 2287 15
1075 2249 1212 2286 δημοσία
1241 2248 1334 2287 Pap„
1362 2248 1421 2277 sed
1450 2248 1489 2278 cs.
1519 2251 1533 2283 §
1564 2257 1604 2286 54

280 2303 316 2331 ¹7
348 2294 381 2325 τί
405 2303 470 2323 om.
498 2292 556 2323 S¹z
590 2293 663 2322 add.
690 2293 781 2330 vulg.
811 2291 835 2322 S
861 2305 911 2332 γρ.
1084 2301 1123 2330 19
1154 2292 1186 2332 γ’
1213 2296 1292 2322 ante
1322 2292 1390 2329 ἐμοὶ
1418 2291 1493 2321 add.
1521 2291 1601 2329 Pap.

276 2347 318 2366 20
343 2337 392 2368 ἐπ’
411 2337 540 2368 ἐκείνων
556 2346 619 2366 om.
639 2335 689 2365 A:
716 2336 789 2365 add.
813 2335 835 2365 S
850 2334 957 2365 FYO
977 2334 1057 2373 Pap.
1162 2345 1202 2364 22
1226 2337 1290 2366 τῶν
1308 2343 1373 2364 om.
1393 2333 1457 2364 SA
1471 2333 1603 2363 FYO:

276 2382 340 2411 τῶν
359 2379 406 2410 ἐπ’
426 2390 489 2409 om.
514 2379 593 2418 Pap.
740 2388 780 2416 23
805 2379 836 2418 γ’
856 2379 910 2409 οὖν
929 2378 952 2408 S
972 2388 1023 2409 me
1040 2382 1126 2408 teste
1216 2379 1250 2409 τί
1267 2377 1291 2408 S
1304 2376 1369 2407 FY
1389 2376 1469 2416 Pap.
1486 2388 1492 2407 :
1516 2389 1555 2417 γε
1574 2376 1605 2406 Α

276 2425 318 2453 26
342 2425 519 2463 πληροῦται
538 2422 562 2453 S
577 2421 643 2452 ΡΥ
662 2421 741 2461 Pap.
761 2433 768 2452 t
792 2424 953 2463 πληροῦτε
972 2421 1003 2451 Α

1632 961 1669 983 ῘΟ

1632 1273 1668 1305 15

1630 1671 1669 1692 20

1629 2002 1665 2033 25
