1737 2734
49 1339 87 1362 10

46 1608 84 1641 ¹5

45 1942 85 1964 20

740 507 817 545 XX

147 631 291 674 ΠΕΡΙ
339 627 459 675 ΤΗΣ
508 628 811 675 ΑΤΕΛΕΙΑΣ
859 628 1021 676 ΠΡΟΣ
1069 632 1396 674 ΛΕΠΤΙΝΗΝ

667 765 884 794 ΎΠΟΘΕΣΙΣ.

161 835 209 875 Ἡ
235 840 308 876 τῶν
333 836 539 887 Ἀθηναίων
565 839 674 878 πόλις
706 840 837 877 ἄλλοις
862 837 893 875 τ’
920 836 1027 887 ε’τίμα
1052 838 1136 878 τοί-ς
1166 838 1354 889 εὐεργέτας
1382 838 1442 876 καὶ

108 893 256 943 ἀτελείᾳ
282 895 531 944 λειτουργιῶν.
591 895 746 931 πολλῶν
772 892 836 930 οὖν
861 893 1135 940 λαμβανόντων
1160 893 1285 941 αὐτήν,
1306 893 1441 933 σπάνις

107 946 223 984 ἐδόκει
252 949 324 985 τῶν
353 948 694 998 λειτουργησόντων
723 946 824 984 εἶναι.
889 946 947 984 διὰ
976 949 1085 984 τοῦτο
1115 947 1299 995 Λεπτίνης
1328 948 1441 996 νόμον

107 1001 320 1052 εἰσήνεγκεν
352 1001 442 1039 εἶναι
471 999 596 1051 μηδέν’
627 1003 756 1049 ἀτελῆ,
788 1000 881 1050 μηδὲ
915 1002 957 1038 τὸ
989 1001 1122 1038 λοιπὸν
1154 1002 1237 1046 ἐξὸν
1270 1001 1360 1038 εἶναι
1389 1004 1440 1052 τῷ

107 1055 210 1107 δήμῳ
241 1055 374 1101 δοῦναι,
408 1056 472 1094 τὸν
506 1056 535 1093 δ’
568 1056 738 1093 ἀτέλειαν
770 1056 975 1104 αἰτήσαντα
1006 1056 1168 1106 πάσχειν
1200 1056 1246 1093 τὰ
1283 1056 1437 1107 ἔσχατα.

105 1112 237 1147 τοῦτον
265 1111 475 1161 ἐγράψαντο
504 1110 568 1147 τὸν
597 1110 710 1159 νόμον
737 1111 917 1159 πρότερον
943 1111 1010 1159 μὲν
1040 1111 1165 1154 ἄλλοι,
1191 1108 1271 1159 μεθ’
1302 1110 1350 1148 ὧν
1380 1111 1439 1148 καὶ

107 1164 311 1208 Βάθιππος,
334 1165 393 1202 καὶ
419 1166 484 1202 οὐκ
512 1164 726 1212 ἐπεξῆλθεν,
750 1163 774 1213 ἢ
801 1165 974 1214 χρήματα
1000 1165 1132 1213 λαβὼν
1158 1163 1181 1213 ἢ
1210 1165 1309 1215 νόσῳ
1338 1182 1438 1214 περι-

105 1218 242 1263 πεσών,
274 1221 338 1256 νῦν
370 1218 408 1256 δὲ
442 1219 613 1268 Φορμίων
647 1219 707 1256 καὶ
744 1220 968 1268 Κτήσιππος
1000 1220 1018 1256 ὁ
1052 1219 1226 1267 ΧαΒριόυ
1258 1220 1345 1259 παῖς
1379 1220 1438 1257 καὶ

105 1274 199 1313 τινὲς
229 1273 307 1322 μετ’
341 1275 469 1317 αὐτῶν,
502 1272 555 1313 οἷς
588 1274 795 1324 συνήγορος
829 1273 1077 1323 Δημοσθένης
1107 1275 1258 1324 γίνεται.
1317 1274 1337 1311 ὃ
1370 1275 1439 1323 μὲν
1468 1286 1487 1310 2

106 1327 170 1364 οὖν
202 1327 386 1376 Λεπτίνης
423 1328 541 1365 πλέον
581 1329 702 1377 ἰσχύει
736 1331 785 1378 τῷ
823 1329 1064 1377 συμφέροντι,
1098 1328 1167 1376 τὴν
1203 1329 1275 1379 γὰρ
1312 1329 1438 1378 χρείαν

105 1381 337 1432 προΐσχεται,
364 1383 383 1419 ὁ
412 1381 450 1419 δὲ
478 1382 727 1431 Δημοσθένης
756 1385 805 1433 τῷ
834 1381 864 1419 τ’
893 1382 1024 1433 ἐνδόξῳ
1057 1383 1115 1420 καὶ
1140 1385 1191 1433 τῷ
1220 1382 1357 1434 δικαίῳ·
1387 1385 1437 1432 τῷ

105 1434 230 1487 δικαίῳ
252 1436 331 1484 μέν,
354 1436 409 1474 ὅτι
436 1436 575 1474 δίκαιόν
602 1439 683 1474 ἐστι
705 1437 790 1476 τοὺς
817 1436 855 1474 εὖ
880 1438 1109 1486 ποιήσαντας
1136 1435 1212 1475 ἀντ’
1238 1436 1276 1474 εὗ
1302 1453 1438 1475 πεπον-

106 1489 218 1534 θέναι,
236 1491 295 1528 καὶ
310 1491 394 1531 τοὺς
410 1491 525 1540 ὀρθῶς
545 1491 818 1539 ἀντιλαβόντας
833 1494 903 1529 τῶν
919 1491 1098 1529 δοθέντων
1111 1491 1164 1540 μὴ
1180 1491 1436 1540 ἀφαιρεῖσθαι,

104 1546 155 1594 τῷ
184 1543 214 1582 δ’
243 1545 387 1596 ἐνδόξῳ,
409 1545 501 1583 διότι
530 1547 627 1596 τάχα
656 1547 723 1595 μὲν
753 1546 812 1583 καὶ
842 1547 973 1585 ἄλλοις
1002 1547 1161 1596 αἰσχρὸν
1186 1546 1209 1583 ἃ
1235 1545 1437 1584 δεδώκασιν

105 1599 359 1648 ἀφαιρεῖσθαι,
390 1598 600 1649 Ἀθηναίοις
634 1599 664 1637 δ’
694 1602 763 1650 οὐχ
794 1600 941 1648 ἥκιστα,
971 1599 1024 1640 οἷς
1054 1599 1131 1638 ἀντ’
1160 1600 1281 1638 ἅλλου
1309 1601 1437 1652 γνωρί-

105 1669 250 1701 σματος
282 1655 325 1692 τὸ
357 1655 626 1706 μεγαλόψυχον
660 1672 853 1704 προσειναι
887 1654 995 1692 δοκεῖ.
1070 1654 1284 1692 ἐπιδεικνύει
1317 1653 1347 1692 δ’
1380 1654 1437 1693 ὅτι

106 1707 166 1744 καὶ
203 1708 423 1757 παρανόμως
462 1710 652 1760 εισήνεγκε
694 1710 759 1746 τὸν
797 1709 921 1758 ιόμον·
970 1709 1072 1760 λεγει
1109 1711 1182 1761 γὰρ
1221 1709 1336 1758 νόμον
1372 1709 1437 1747 τὸν

106 1761 288 1800 κελεύοντ’
319 1764 479 1812 ἀναιρεῖν
509 1766 655 1812 πρῶτον
685 1764 750 1801 τὸν
781 1763 944 1802 ἐναντιον
975 1764 1098 1813 νόμον,
1130 1763 1189 1801 καὶ
1219 1762 1294 1801 τότ’
1325 1764 1437 1802 αὑτὸν

103 1815 242 1854 τιθεναι
262 1817 386 1866 νόμον,
409 1818 467 1855 ἵνα
486 1818 538 1866 μὴ
559 1818 778 1866 ἀλλήλοις’
763 1835 917 1856 εναντιοι
937 1819 1043 1867 νόμοι
1063 1818 1314 1867 εὖρίσκωνται.

697 1943 841 1971 ΑΛΛΩΣ.

157 2014 201 2053 O
228 2016 318 2065 πρὸς
344 2016 530 2065 Λεπτίνην
553 2016 667 2067 λόγος
695 2017 951 2068 ἐπιγραφὴν”
933 2034 1008 2068 εχει
1030 2018 1214 2066 τοιαύτην,
1240 2016 1436 2067 ἐπειδήπερ

103 2070 352 2119 παρελθόντος
377 2073 443 2109 τοῦ
468 2071 604 2121 χρόνου
633 2073 672 2108 ἐν
699 2069 726 2121 ᾧ
748 2071 996 2111 ὑπεύθυνος’
976 2089 1021 2120 ην
1051 2072 1170 2120 κρίσει
1195 2071 1255 2108 καὶ
1280 2072 1435 2121 τιμωρία

103 2124 258 2175 γράφων
294 2142 347 2165 τις
385 2125 510 2174 νόμον,
545 2110 718 2172 ἐφαίνετό
756 2126 940 2193 Λεπτίνης
978 2126 1176 2165 ἀκίνδυνος·
1222 2125 1307 2163 ὅθεν
1343 2126 1435 2193 πρὸς

103 2179 226 2223 αὐτόν,
246 2180 333 2216 ἀλλ’
357 2181 400 2217 οὗ
428 2178 504 2216 κατ’
531 2181 643 2216 αὐτοῦ
668 2180 687 2217 ὁ
714 2180 839 2231 λόγος.
898 2181 921 2229 ἡ
946 2179 984 2218 δὲ
1007 2180 1184 2220 ὑπόθεσις
1211 2181 1323 2219 οὕτως
1344 2181 1430 2230 ἔχει.

146 2292 164 2319 4
196 2281 277 2321 μηδὲ
303 2282 452 2312 Dindorf
472 2282 544 2313 coll.
568 2282 719 2321 Georgio
747 2282 906 2313 Diaereta
931 2283 998 2314 Rh.
1023 2283 1080 2314 Gr.
1102 2284 1132 2312 vi
1163 2292 1237 2321 537,
1258 2283 1298 2313 cs.
1320 2282 1431 2322 legem

102 2334 149 2355 er.
175 2327 212 2362 ἐξ
231 2335 262 2364 2,
284 2327 346 2355 160
492 2335 528 2363 14
558 2327 694 2366 αἰσχρὸν
713 2325 757 2356 H.
778 2326 894 2357 Wolf:
924 2329 1056 2367 αἴσχιον
1078 2327 1171 2357 codd.
1192 2331 1225 2356 et
1246 2326 1431 2365 Georgium

102 2377 143 2406 23
166 2368 299 2410 γράφων
315 2368 498 2408 Appendix
516 2368 759 2399 Franesurtana
774 2381 778 2399 :
803 2369 942 2410 γράφειν
959 2371 1054 2400 codd.

144 2431 328 2460 nemos-ru„
348 2433 423 2454 vm.
444 2433 480 2455 11.
1280 2426 1297 2455 1

1469 1322 1580 1377 [452]
