1737 2734
155 548 172 578 5

135 881 174 903 10

135 1549 174 1572 20

195 150 310 205 xxw]
536 156 691 193 ΚΑΤΑ
740 155 1188 193 ΤΙΜΟΚΡΑΤΟὙΣ

193 262 296 312 ὅμως
330 263 369 301 δὲ
406 261 468 300 καὶ
497 262 584 312 περὶ
617 264 695 301 τῶν
725 261 860 314 ἐκείνῳ
894 259 1240 310 πεπολιτευμένων
1273 260 1372 310 ὑμᾶς
1403 260 1521 311 μικρὰ

192 327 359 378 βέλτιόν
390 329 502 367 ἐστιν
531 329 708 373 ἀκοῦσαι,
738 327 801 366 καὶ
831 327 980 367 τούτων
1010 326 1120 366 ταῦθ’
1146 327 1201 367 ὧν
1235 326 1517 375 κεκοινώνηκεν

193 394 316 440 οὗτος,
357 394 418 434 καὶ
462 394 510 434 δι’
547 395 572 434 ἒι
605 397 747 434 τοῦτον
782 393 897 433 οὐδὲν
932 393 1051 443 ἧττον
1087 394 1237 434 ἐκείνου
1276 394 1434 435 δικαίως
1472 392 1520 433 ἂν

191 465 359 511 μισοῖτε.
431 460 534 511 λέξω
560 461 592 501 δ’
619 460 732 501 οὐδὲν
756 461 810 500 ὧν
836 459 1022 510 ἀκηκόαθ’
1046 461 1167 511 ὑμεῖς,
1196 461 1229 500 εἰ
1254 459 1306 510 μή
1331 476 1435 501 τινες
1460 459 1520 512 ἄρ’

194 528 257 569 ἐπὶ
281 532 362 570 τοῖς
390 527 610 579 Εὐκτήμονι
633 526 883 580 γιγνομένοις
910 527 1040 579 ἆγῶσι
1064 529 1260 578 παρῆσαν.

261 596 335 634 Καὶ
362 599 516 647 πρῶτον
545 594 630 645 μέν,
657 593 722 646 ἐφ’
754 592 782 649 ᾧ
807 593 998 646 μέγιστον
1032 597 1184 646 φρονεῖ,
1211 593 1283 644 τὴν
1312 597 1389 633 τῶν
1420 610 1517 646 χρη-

192 661 328 712 μάτων
364 660 569 714 εἴσπραξιν
605 660 855 711 ἐξετάσωμεν
892 660 1024 706 αὐτοῦ,
1059 659 1108 710 ἣν
1144 661 1242 711 μετὰ
1278 661 1415 700 τούτου
1452 664 1521 700 τοῦ

193 733 370 781 χρηστοῦ
386 728 534 769 πάντας
553 727 785 780 εἰσέπραξεν
799 729 912 778 ὑμᾶς.
972 727 1254 778 αἰτιασάμενος
1270 729 1345 779 γὰρ
1368 726 1518 777 Εὐκτή-

193 812 294 845 μονα
323 797 391 836 τὰς
419 794 606 846 ὑμετέρας
639 794 746 847 ἔχειν
781 793 988 847 εἰσφοράς,
1017 795 1080 834 καὶ
1112 794 1216 834 τοῦτ’
1242 793 1468 846 ἐξελέγξειν
1497 790 1520 843 ἢ

193 861 284 913 παρ’
305 865 444 902 ἑαυτοῦ
464 861 702 911 καταθήσειν
720 862 1011 914 ὑποσχόμενος,
1034 861 1265 903 καταλύσας
1284 862 1521 913 ψηφίσματι

195 928 401 981 κληρωτὴν
426 928 552 982 ἀρχὴν
579 929 642 969 ἐπὶ
668 929 713 984 τῇ
739 928 942 980 προφάσει
967 928 1100 984 ταύτῃ,
1125 928 1188 968 ἐπὶ
1213 927 1286 977 τὴν
1311 926 1520 980 εἴσπραξιν

194 995 352 1047 παρέδυ,
389 996 452 1036 καὶ
488 999 627 1036 τοῦτον
664 994 930 1047 προύβάλετο,
970 995 1090 1036 εἰπὼν
1127 994 1198 1044 τὴν
1234 999 1302 1035 τοῦ
1336 995 1520 1046 σώματος

193 1063 430 1114 ἀρρωστίαν,
470 1061 533 1107 ἵν’,
573 1063 665 1114 ἔφη,
709 1063 909 1118 συνδιοικῇ
952 1078 1031 1112 μοι.
1104 1062 1347 1113 δημηγορίαν
1385 1061 1419 1101 δ’
1457 1061 1520 1101 ἐπὶ

193 1130 345 1171 τούτοις
379 1129 624 1180 ποιούμενος,
660 1129 711 1171 ὡς
741 1129 828 1169 ἔστι
858 1132 975 1180 τριῶν
1009 1130 1173 1181 αἵρεσις,
1210 1125 1232 1178 ἢ
1266 1130 1314 1168 τὰ
1350 1131 1521 1179 πομπεῖα

194 1196 454 1236 κατακόπτειν
480 1193 502 1246 ἦ
523 1195 644 1237 πάλιν
671 1195 874 1248 εἰσφέρειν
899 1193 921 1245 ἢ
948 1195 1039 1237 τοὺς
1064 1196 1306 1247 ὀφείλοντας
1331 1193 1518 1247 εἰσπράτ-

193 1280 287 1309 τειν,
309 1262 550 1315 αἱρουμένων
570 1263 727 1305 εἰκότως
750 1264 858 1313 ὑμῶν
877 1262 967 1304 τοὺς
993 1263 1233 1313 ὀφείλοντας
1254 1261 1517 1313 εἰσπράττειν,

193 1333 279 1371 ταῖς
307 1329 583 1383 ὑποσχέσεσιν
614 1329 791 1382 κατέχων
824 1329 888 1369 καὶ
925 1330 989 1369 διὰ
1019 1328 1088 1370 τὸν
1123 1328 1256 1381 καιρὸν
1286 1328 1328 1371 ὃς
1361 1327 1408 1378 ἦν
1441 1327 1520 1368 τότ’

194 1397 298 1450 ἔχων
329 1396 526 1446 ἐξουσίαν,
553 1401 633 1438 τοῖς
666 1399 738 1446 μὲν
770 1395 960 1446 κειμένοις
991 1397 1126 1447 νόμοις
1156 1396 1245 1447 περὶ
1274 1395 1423 1436 τούτων
1452 1395 1520 1436 οὐκ

193 1463 287 1518 ᾤετο
314 1466 394 1504 δεῖν
419 1465 604 1516 χρῆσθαι,
632 1463 724 1508 οὐδ’,
747 1464 780 1503 εἰ
804 1463 856 1513 μὴ
882 1463 1043 1503 τούτους
1071 1462 1221 1513 ἐνόμιζ’
1248 1462 1415 1509 ἱκανούς,
1438 1461 1519 1502 ἑτέ-

192 1547 282 1582 ρους
307 1530 468 1575 τιθέναι,
496 1531 744 1581 ψηφίσματα
773 1529 806 1569 δ’
832 1529 942 1570 εἶπεν
973 1530 1015 1570 ἐν
1044 1531 1135 1580 ὑμῖν
1166 1531 1273 1570 δεινὰ
1306 1530 1369 1570 καὶ
1395 1527 1519 1581 παρά-

194 1613 308 1648 νομα,
340 1596 387 1637 δι’
417 1598 472 1637 ὧν
502 1596 735 1648 ἠργολάβει,
771 1600 1031 1649 προσαγωγεῖ
1058 1596 1181 1651 τούτῳ
1211 1596 1414 1649 χρώμενος
1443 1599 1520 1637 τῶν

193 1663 422 1715 λημμάτων.
482 1665 545 1703 καὶ
565 1665 698 1703 πολλὰ
716 1667 793 1704 τῶν
813 1663 1012 1715 ὑμετέρων
1038 1662 1236 1716 κέκλοφεν
1254 1665 1352 1714 μετὰ
1367 1663 1518 1709 τούτου,

193 1730 353 1783 γράψας
377 1730 465 1772 τοὺς
499 1731 637 1770 ἕνδεκα
666 1730 728 1770 καὶ
753 1730 841 1772 τοὺς
867 1729 1084 1771 ἀποδέκτας
1117 1731 1178 1770 καὶ
1211 1730 1300 1772 τοὺς
1325 1729 1520 1782 ὑπηρέτας

194 1799 427 1838 ἀκολουθεῖν
444 1796 530 1848 μεθ’
557 1798 686 1837 αὑτοῦ.
747 1796 816 1837 εἶτ’
842 1797 946 1850 ἔχων
971 1797 1132 1838 τούτους
1153 1795 1216 1849 ἦγ’
1244 1798 1307 1837 ἐπὶ
1332 1799 1402 1839 τὰς
1426 1798 1518 1847 ὑμε·

193 1864 307 1916 τέρας
339 1865 476 1910 οἰκίας,
513 1864 573 1903 καὶ
607 1865 668 1909 σύ,
705 1861 734 1903 ὦ
766 1864 1023 1915 Τιμόκρατες,
1061 1864 1367 1914 συνηκολούθεις
1398 1864 1520 1914 μόνος

193 1934 272 1971 τῶν
304 1931 584 1983 συναρχόντων
617 1930 695 1970 δέκ’
726 1932 863 1971 ὄντων.
937 1931 998 1970 καὶ
1032 1931 1168 1981 μηδεὶς
1198 1929 1519 1981 ὑπολαμβανέτω

192 2014 240 2047 με
265 1997 400 2050 λέγειν
425 1997 476 2039 ὡς
500 1997 544 2036 οὐ
572 1999 673 2050 χρῆν
699 1997 951 2050 εἰσπράττειν
975 1997 1064 2039 τοὺς
1095 1998 1346 2049 ὀφείλοντας.
1417 1999 1520 2050 χρῆν

194 2063 280 2116 γάρ.
346 2065 452 2104 ἀλλὰ
484 2067 584 2111 πῶς;
624 2064 675 2106 ὡς
699 2065 719 2104 ὁ
745 2065 863 2115 νόμος
888 2065 1079 2116 ἀγορεύει·
1117 2067 1195 2104 τῶν
1221 2064 1357 2104 ἄλλων
1390 2063 1517 2104 ἕνεκα·

235 2184 256 2213 3
281 2173 418 2213 {niuea}
438 2176 559 2205 ἐκεῖνον
577 2173 613 2203 S¹
631 2185 636 2203 :
662 2174 682 2211 ἢ
701 2175 823 2205 ἐκεῖνον
840 2172 864 2203 S
882 2183 967 2203 corr.
987 2172 1026 2203 L¹
1154 2183 1174 2211 5
1197 2172 1402 2214 γιγνομένοις
1421 2171 1444 2203 S
1458 2171 1518 2203 L¹:

191 2217 376 2258 γενομένοις
393 2217 424 2247 Α
437 2217 487 2247 Y:
512 2216 763 2258 γεγεννημένοις
781 2216 806 2246 F
985 2219 1020 2254 ἐξ
1045 2217 1206 2257 ¹60-168]
1226 2217 1344 2247 eadem
1363 2216 1432 2247 sere
1449 2216 1519 2247 xxii

192 2262 300 2299 47—56
390 2271 428 2299 13
453 2261 650 2301 δημηγορίαν
668 2260 691 2290 S
705 2261 730 2290 L
747 2272 752 2290 :
777 2260 974 2301 δημηγορίας
991 2265 1083 2297 cett.‚
1102 2260 1142 2291 cf.
1162 2261 1232 2290 xxii
1251 2261 1292 2298 48
1385 2270 1421 2298 14
1448 2262 1520 2299 ὑμῖν

192 2310 269 2343 post
287 2304 405 2345 αἵρεσις
423 2304 499 2334 add.
518 2303 607 2342 vulg.
624 2318 630 2335 :
658 2313 724 2334 om.
742 2303 766 2333 S
779 2302 873 2342 ΗΑ,
894 2303 934 2333 cs.
954 2304 1023 2333 xxii
1041 2304 1083 2341 48
1252 2313 1288 2341 17
1313 2304 1347 2336 ὃς
1364 2303 1418 2343 ἢν]
1437 2304 1520 2341 ὅσην

194 2346 232 2377 Sl
250 2349 303 2386 (ut
319 2347 465 2385 videtur)
487 2347 521 2379 F.
540 2347 581 2378 cs.
602 2347 672 2377 xxii
691 2358 733 2386 49
905 2347 944 2377 18
966 2348 1028 2384 τὴν
1044 2351 1122 2377 ante
1141 2347 1289 2387 ἐξουσίαν
1304 2347 1380 2377 add.
1401 2346 1517 2377 AYO

192 2391 398 2431 περὶτούτων
411 2401 477 2420 om.
494 2390 518 2420 F
585 2401 627 2420 22
644 2391 761 2421 τούτου
772 2389 862 2428 vulg.
880 2401 886 2419 z
902 2392 1000 2422 τοῦτο
1015 2390 1038 2420 S
1056 2400 1141 2421 corr.
1159 2400 1207 2429 pr.
1226 2401 1266 2420 m.
1285 2388 1325 2420 Ι.1
1387 2400 1427 2428 24
1445 2403 1517 2422 -rou-

192 2434 283 2466 ·routrl
301 2433 326 2464 S
338 2433 377 2464 L¹
392 2433 416 2464 F
429 2433 459 2464 Y
471 2433 501 2464 O
592 2444 634 2473 25
658 2434 681 2465 ὦ
699 2443 763 2464 om.
784 2434 815 2464 A
905 2434 947 2464 28
971 2433 1134 2475 ἀγορεύει]
1152 2433 1276 2466 κελεύει
1295 2433 1320 2464 F
1336 2437 1370 2464 et
1386 2433 1457 2465 xxii
1474 2442 1514 2473 51

1555 152 1671 209 [749]

1552 461 1664 516 [750]

1554 601 1621 636 160

1554 1069 1615 1104 161

1555 1671 1618 1706 162

1551 1997 1654 2052 [751]
