1737 2734
85 142 204 196 [664]

85 380 204 433 [665]

140 453 205 495 136

140 858 202 893 137

139 1316 205 1361 138

142 1857 207 1892 139

81 2112 89 2164 ι
97 2112 204 2165 666]

661 143 1143 181 ΔΗΜΟΣΘΕΝΟΎΣ
1440 139 1558 192 [xxm

235 248 476 297 Χαρίδημον.
548 246 641 284 ὅταν
667 247 741 296 γὰρ
768 245 889 285 πάλιν
923 245 1098 295 ἐξετάσω
1132 245 1281 295 ἡλίκων
1307 247 1432 288 Κότυς
1458 247 1557 299 Ἰφι-

237 313 379 364 κράτην
413 311 707 362 ἀποστερήσειν
739 311 899 361 μέλλων
931 311 1043 352 οὐδὲν
1079 313 1330 363 ἐφρόντισεν,
1358 319 1561 356 παντελῶς

234 379 357 432 τούτῳ
383 378 419 430 γ’
440 379 552 418 οὐδὲν
576 377 623 417 ἂν
647 378 816 429 ἡγοῦμαι
841 381 1016 428 μελῆσαι
1033 382 1110 418 τῶν
1130 378 1412 429 ἀπολουμένων
1437 383 1557 429 Χαρι-

235 444 355 499 δήμῳ.
417 446 438 483 ὁ
470 444 543 495 μέν
576 444 613 496 γ’
647 446 797 485 ἐκεῖνον
830 444 956 495 τιμάς,
994 447 1168 494 σίτησιν,
1207 446 1373 491 εἰκόνας,
1409 446 1560 498 πατρίδ’

232 510 255 561 ἣ
295 511 470 561 ζηλωτὸν
507 511 623 551 αὐτὸν
660 512 860 560 ἐποίησεν,
899 512 1038 563 ὀλίγον
1074 511 1148 551 δέω
1186 511 1321 563 λέγειν
1357 511 1471 552 πάνθ’
1507 514 1562 553 ὧν

233 578 325 618 ἄνευ
363 579 435 627 ζῆν
473 577 540 616 οὐκ
576 577 686 628 ἄξιον
720 576 766 626 ἦν
799 576 1026 629 Ἰφικράτει,
1068 578 1234 627 νομίζων
1269 577 1562 630 ἀποστερήσειν

233 645 301 685 οὐκ
338 644 587 695 ἐπεστράφη·
632 644 744 686 οὗτος
781 644 813 684 δ’
850 644 900 685 ὡς
932 645 1089 694 ἀληθῶς
1123 645 1228 686 τίνος
1262 644 1310 684 ἂν
1345 645 1408 684 καὶ
1440 646 1561 696 λόγον

235 712 354 764 σχοίη
384 710 435 761 μὴ
466 708 602 762 [τίνος]
628 712 855 762 Χαρίδημον
887 710 1163 766 ἀποστερήσῃ;
1203 710 1282 750 οὐδ’
1310 712 1438 751 ὁτιοῦν
1473 713 1561 751 ἐστι

235 780 309 829 γὰρ
335 777 424 828 παρ’
444 778 533 827 ὑμῖν
557 777 673 830 αὐτῷ,
696 777 740 816 οὐ
767 780 913 823 παῖδες,
936 778 1002 817 οὐκ
1031 778 1157 823 εἰκών,
1180 777 1224 816 οὐ
1250 781 1470 829 συγγενεῖς,
1493 778 1560 817 οὐκ

235 844 327 884 ἄλλ’
348 844 473 884 οὐδέν.
535 845 597 883 καὶ
620 844 698 894 μὴν
718 845 750 884 εἰ
770 844 867 894 μήτε
888 845 1010 894 φύσει
1030 844 1170 885 πιστὸς
1190 845 1210 883 ὁ
1232 844 1559 895 Κερσοβλέπτης,

237 911 277 951 ἔκ
311 927 353 951 τε
386 915 464 950 τῶν
496 910 773 962 γεγενημένων
806 912 997 962 πρότερον
1033 912 1189 952 δικαίως
1226 910 1406 957 ἄπιστος,
1440 911 1562 961 μηδέν

237 995 278 1018 τε
304 981 482 1017 τοιοῦτον
506 977 675 1030 ὑπάρχει
699 981 780 1019 τοῖς
807 977 1036 1029 πράγμασιν
1062 977 1109 1016 δι’
1130 977 1150 1016 ὃ
1176 976 1246 1017 κᾶν
1273 979 1377 1029 παρὰ
1402 978 1562 1029 γνώμην

238 1045 300 1084 καὶ
326 1045 450 1096 φύσιν
477 1044 713 1096 προνοηθείη
738 1060 776 1084 τι
799 1048 868 1083 τοῦ
888 1043 1127 1096 Χαριδήμου,
1150 1045 1255 1085 τίνος
1282 1043 1400 1096 εἵνεχ’
1427 1046 1562 1086 ἁπλῶς

237 1111 300 1151 καὶ
329 1112 467 1166 κομιδῇ
496 1110 781 1163 τετυφωμένως
813 1112 948 1156 οὕτως,
976 1112 1000 1151 ἃ
1032 1111 1223 1161 βούλεται
1256 1110 1560 1162 διαπράξασθαι,

237 1177 508 1228 συλλάβωμεν
550 1177 666 1232 αὐτῷ,
708 1178 769 1218 καὶ
812 1177 916 1217 ταῦτ’
961 1177 1024 1231 ἐφ’
1067 1178 1159 1227 ἡμῖν
1201 1179 1315 1224 ὅντα;
1372 1178 1449 1229 ἐγὼ
1491 1180 1562 1228 μὲν

235 1245 309 1297 οὐχ
334 1245 423 1296 ὁρῶ.

296 1310 391 1351 ‘'O-n
423 1312 554 1351 τοίνυν
590 1310 684 1351 ἄνευ
720 1315 788 1350 τοῦ
824 1314 905 1352 τοῖς
941 1310 1146 1362 πράγμασι
1178 1311 1230 1361 μὴ
1266 1311 1484 1363 συμφέρειν
1518 1311 1562 1350 τὸ

236 1376 445 1430 ψήφισμα,
486 1377 574 1418 οὐδὲ
616 1378 714 1429 πρὸς
755 1377 875 1428 δόξαν
914 1377 1109 1430 συμφέρει
1147 1383 1194 1434 τῇ
1230 1379 1347 1418 πόλει
1385 1381 1562 1418 τοιοῦτον

236 1445 348 1486 οὐδὲν
382 1444 643 1500 ἐψηφισμένῃ
679 1446 906 1496 φαίνεσθαι,
943 1445 1006 1484 καὶ
1039 1448 1155 1484 τοῦτο
1189 1447 1250 1485 δεῖ
1278 1447 1417 1495 μαθεῖν
1450 1446 1561 1495 ὑμᾶς.

237 1512 271 1551 εἰ
306 1513 379 1562 μὲν
414 1511 502 1563 γάρ,
543 1510 572 1550 ὦ
611 1511 749 1563 ἄνδρες
788 1511 1005 1561 Ἀθηναῖοι,
1045 1512 1164 1551 πόλιν
1203 1512 1374 1551 οἰκοῦντί
1407 1528 1460 1566 τῳ
1501 1512 1562 1550 καὶ

237 1578 370 1628 νόμοις
391 1578 682 1632 πολιτευομένῳ
707 1578 751 1618 τὸ
771 1577 954 1630 ψήφισμ’
978 1578 1211 1630 ἐγέγραπτο,
1233 1579 1362 1618 δεινὸν
1380 1576 1426 1618 ὃν
1444 1578 1562 1628 ἧττον

235 1643 283 1685 ἂν
311 1643 358 1694 ἦν
383 1646 565 1698 αἰσχρόν·
604 1648 672 1685 νῦν
705 1648 745 1685 δὲ
779 1645 1000 1697 γέγραπται
1027 1644 1237 1699 Χαριδήμῳ
1264 1649 1315 1699 τῷ
1342 1645 1461 1685 πόλιν
1489 1647 1562 1695 μὲν

236 1711 317 1751 οὐδ’
338 1711 518 1762 ἡντινοῦν
543 1713 726 1758 οἰκοῦντι,
750 1713 880 1765 Θρᾳκὶ
906 1711 938 1751 δ’
960 1712 1150 1766 ἀνθρώπῳ
1171 1709 1365 1763 [βασιλεῖ]
1392 1728 1559 1762 στρατη-

236 1781 371 1830 γοῦντι
409 1779 471 1818 καὶ
504 1780 567 1818 διὰ
600 1781 668 1828 τῆς
702 1779 853 1819 ἐκείνου
889 1780 1104 1829 βασιλείας
1141 1779 1316 1819 πολλοὺς
1352 1779 1560 1818 ἀδικοῦντι.

238 1846 325 1885 ἴστε
350 1848 425 1897 γὰρ
451 1844 575 1894 δήπου
594 1844 698 1885 τοῦθ’
719 1847 779 1885 ὅτι
799 1844 943 1887 πάντες
963 1847 998 1885 οἱ
1025 1843 1280 1897 ξεναγοῦντες
1300 1845 1405 1885 οὗτοι
1425 1846 1561 1885 πόλεις

238 1912 615 1962 καταλαμβάνοντες
639 1911 880 1961 Ἑλληνίδας
905 1912 1043 1965 ἄρχειν
1075 1912 1268 1962 ζητοῦσιν,
1298 1913 1359 1952 καὶ
1388 1911 1559 1956 πάντων,

236 1979 327 2018 ὅσοι
360 1995 432 2030 περ
464 1979 598 2029 νόμοις
631 1980 752 2018 οἰκεῖν
788 1980 1005 2029 βούλονται
1037 1977 1108 2028 τὴν
1141 1979 1269 2018 αὐτῶν
1305 1980 1415 2019 ὄντες
1449 1978 1558 2018 ἐλεύ-

238 2047 356 2096 θεροι,
376 2046 497 2085 κοινοὶ
517 2046 793 2099 περιέρχονται
814 2047 910 2085 κατὰ
930 2048 1065 2086 πᾶσαν
1089 2045 1236 2097 χώραν,
1259 2046 1291 2085 εἰ
1317 2048 1376 2085 δεῖ
1392 2046 1562 2094 τάληθὲς

238 2113 374 2157 εἰπεῖν,
418 2113 565 2165 ἐχθροί.
637 2112 698 2163 ἆρ’
741 2113 822 2158 οὖν,
868 2110 897 2151 ὦ
940 2112 1076 2163 ἄνδρες
1115 2112 1332 2162 Ἀθηναῖοι,
1375 2111 1496 2151 καλὸν
1537 2107 1560 2159 ἢ

281 2232 299 2250 2
325 2223 517 2262 ἀποστερεῖν
533 2221 563 2251 Α
697 2233 716 2261 3
743 2223 970 2261 ἆπολουμενων
988 2220 1011 2251 S
1031 2221 1128 2259 signo
1149 2220 1379 2251 adnotationis
1402 2230 1502 2260 supra
1526 2233 1562 2251 ου

237 2265 363 2304 scripto
379 2266 429 2294 cui
445 2265 526 2295 nihil
543 2266 729 2304 respondet
747 2266 778 2296 in
797 2266 948 2303 margine
1032 2276 1050 2302 4
1077 2263 1200 2296 εἰκόνας
1218 2265 1348 2302 σίτησιν
1362 2264 1391 2293 Α
1408 2275 1415 2294 2
1440 2264 1557 2300 εἰκόνα,

238 2309 369 2345 σίτησιν
389 2308 487 2338 BlaSS
627 2319 642 2347 7
669 2310 858 2349 ἀπεστράφη
876 2309 905 2338 Α
1040 2309 1060 2338 8
1084 2309 1171 2339 τίνος
1189 2312 1263 2346 pOSt
1280 2308 1324 2347 μὴ
1341 2307 1416 2337 add.
1435 2308 1531 2337 codd.
1551 2318 1558 2336 2

237 2352 301 2381 del.
322 2351 448 2390 Taylor
550 2354 619 2384 ἐστὶ
636 2353 698 2394 ’γὰρ
716 2353 739 2383 S
753 2352 797 2382 F:
822 2352 885 2393 ’γάρ
903 2355 973 2384 ἐστι
991 2352 1031 2382 al.
1170 2360 1208 2389 15
1231 2351 1294 2391 γὰρ
1312 2355 1385 2389 post
1402 2350 1462 2389 μὲν
1477 2350 1553 2379 add.

236 2393 324 2468 ἓῐὲι
352 2405 414 2425 οη),
435 2394 473 2425 Sl
491 2395 531 2426 al.
683 2406 723 2426 22
748 2396 918 2437 Χαριδήμῳ
935 2395 1015 2427 secl.
1033 2394 1124 2426 weil
1260 2404 1301 2432 23
1325 2396 1461 2430 βασιλεῖ
1474 2392 1555 2423 secl.

265 2449 284 2468 0
311 2443 342 2468 ct

1587 862 1623 884 10

1586 1527 1622 1548 20

1584 1858 1621 1889 25
