1737 2734
85 875 122 898 10

86 1209 122 1241 10

86 1543 125 1565 20

86 1876 122 1907 ²5

145 149 232 203 xxl]
566 153 725 189 ΚΑΤΑ
776 151 1051 189 ΜΕΙΔΙΟὙ

143 256 427 309 ἐξελήλεγκται
455 260 570 296 τοῦτο
601 260 736 297 ποιῶν.
810 256 1028 305 ἀντιθῶμεν
1053 253 1099 304 δὴ
1124 255 1183 295 τίς
1213 252 1267 293 ὢν
1297 252 1360 292 καὶ
1389 253 1473 292 τίσι

143 324 249 365 ταῦτ’
279 323 585 372 ἐνδεικνύμενος.
657 323 708 374 μὴ
741 323 872 362 τοίνυν
902 323 1005 372 ὑμῖν,
1037 320 1133 372 πρὸς
1165 324 1219 375 τῷ
1252 319 1303 370 μὴ
1337 319 1471 364 καλόν,

142 393 238 442 μηδὲ
276 390 434 441 θεμιτὸν
469 389 651 440 νομίζετ’,
690 389 827 442 ἄνδρες
865 390 1060 434 δικασταί,
1099 387 1187 438 μηδ’
1223 388 1337 427 ὅσιον
1375 386 1474 426 εἶναι

143 458 331 498 τοιούτων
362 458 513 508 ἀνδρῶν
545 457 657 496 οὖσιν
692 457 918 508 ἀπογόνοις,
945 454 1117 507 πονηρὸν
1147 455 1209 494 καὶ
1243 455 1379 504 βίαιον
1412 452 1474 492 καὶ

142 524 339 576 ὑβριστὴν
367 527 571 574 λαβοῦσιν
601 523 810 574 ἄνθρωπον
841 523 903 562 καὶ
932 521 1081 572 μηδένα
1108 522 1347 571 μηδαμόθεν,
1375 537 1471 571 συγ-

143 592 302 644 γνώμης
334 588 357 640 ἢ
393 592 695 643 φιλανθρωπίας
728 586 751 639 ἦ
783 589 944 642 χάριτός
976 605 1081 630 τινος
1113 586 1293 638 ἀξιῶσαι.
1367 588 1474 628 τίνος

143 660 218 710 γὰρ
244 659 392 704 εἵνεκα;
430 661 507 697 τῶν
534 660 796 709 στρατηγιῶν·
834 655 925 696 ἀλλ’
945 655 1032 695 οὐδὲ
1061 654 1145 694 καθ’
1171 654 1288 695 αὑτὸν
1314 670 1472 705 στρατι-

143 726 244 775 ώτης
269 724 381 767 οὗτος
408 725 565 766 οὐδενός
591 723 675 764 ἐστ’
696 723 718 762 ἄ
749 740 817 768 ιος,
844 721 895 773 μή
917 722 956 762 τί
979 739 1024 773 γε
1051 726 1127 762 τῶν
1147 721 1283 761 ἄλλων
1302 721 1472 773 ἡγεμών.

143 793 250 832 ἀλλὰ
277 795 354 831 τῶν
385 792 532 843 λόγων·
572 793 613 831 ἐν
638 791 695 832 οἷς
729 791 835 845 κοινῇ
860 791 933 840 μὲν
958 788 1071 829 οὐδὲν
1096 788 1247 829 πώποτ’
1273 787 1349 828 εἶπ’
1376 788 1472 839 ἀγα-

143 859 226 904 θόν,
255 862 379 899 κακῶς
405 858 437 897 δ’
464 859 541 912 ἰδίᾳ
567 857 714 899 πάντας
739 856 966 908 ἀνθρώπους
992 855 1115 907 λέγει.
1181 855 1319 907 γένους
1345 855 1475 895 εἵνεκα

144 925 189 975 νὴ
218 927 309 965 Δία·
350 926 413 965 καὶ
439 926 498 966 τίς
528 925 597 965 οὐκ
629 924 734 964 οἶδεν
758 925 866 974 ὑμῶν
891 924 961 964 τὰς
989 920 1244 974 ἀπορρήτους,
1271 922 1408 973 ὥσπερ
1432 922 1475 961 ἐν

144 993 353 1046 τραγῳδίᾳ,
374 994 442 1033 τὰς
463 992 601 1031 τούτου
621 990 759 1043 γονάςς
797 988 826 1045 ᾧ
849 989 909 1030 δύ’
930 989 1194 1029 ἐναντιώτατα
1214 988 1475 1039 συμβέβηκεν

145 1058 256 1099 εἶναι·
294 1059 317 1108 ἡ
342 1062 414 1108 μὲν
441 1060 515 1110 γὰρ
542 1058 592 1099 ὡς
623 1059 778 1107 ἀληθῶς
807 1056 946 1108 μήτηρ,
973 1057 996 1106 ἡ
1021 1055 1176 1096 τεκοῦσ’
1202 1055 1333 1101 αὐτόν,
1361 1058 1471 1095 πλεῖ-

143 1142 242 1166 στον
267 1124 451 1166 ἁπάντων
477 1125 695 1177 ἀνθρώπων
721 1124 803 1177 εἶχε
835 1127 939 1169 νοῦν,
966 1123 989 1173 ἡ
1015 1125 1055 1163 δὲ
1085 1126 1257 1163 δοκοῦσα
1287 1123 1348 1162 καὶ
1377 1123 1471 1162 ὑπο-

109 1209 120 1216 ·
141 1191 349 1243 βαλομένη
376 1195 517 1232 πασῶν
542 1191 589 1241 ἦν
615 1190 856 1241 ἀνοητοτάτη
883 1193 1089 1242 γυναικῶν.
1163 1193 1330 1240 σημεῖον
1356 1188 1412 1229 δέ·
1448 1188 1471 1239 ἡ

142 1261 215 1310 μὲν
246 1261 321 1311 γὰρ
356 1258 513 1298 ἀπέδοτ’
545 1258 657 1299 εὐθὺς
689 1258 917 1310 γενόμενον,
948 1257 971 1307 ἡ
1006 1256 1038 1296 δ’
1070 1256 1159 1307 ἐξὸν
1191 1256 1289 1312 αὐτῇ
1319 1256 1472 1307 βελτίω

143 1327 336 1377 πρίασθαι
367 1328 436 1375 τῆς
469 1326 589 1375 αὐτῆς
621 1327 734 1375 τιμῆς
765 1328 900 1364 τοῦτον
932 1324 1142 1376 ἠγόρασεν.
1216 1323 1278 1363 καὶ
1308 1322 1384 1374 γάρ
1413 1339 1474 1362 τοι

144 1394 207 1433 διὰ
232 1396 347 1432 τοῦτο
373 1396 450 1432 τῶν
476 1392 519 1431 οὐ
545 1392 826 1443 προσηκόντων
852 1391 1010 1443 ἀγαθῶν
1043 1391 1170 1442 κύριος
1196 1390 1383 1442 γεγονώς,
1413 1390 1473 1429 καὶ

143 1460 329 1511 πατρίδος
358 1459 580 1511 τετυχηκὼς
609 1458 632 1508 ἦ
658 1459 790 1508 νόμοις
820 1461 897 1498 τῶν
926 1459 1093 1497 ἁπασῶν
1123 1458 1280 1497 πόλεων
1310 1455 1473 1507 μάλιστ’

144 1527 338 1566 οἰκεῖσθαι
376 1529 493 1571 δοκεῖ,
529 1525 653 1565 οὐδέν’
688 1525 796 1575 οἶμαι
827 1525 974 1576 τρόπον
1008 1524 1146 1576 φέρειν
1178 1523 1266 1564 οὐδὲ
1299 1525 1474 1576 χρῆσθαι

143 1593 296 1635 τούτοις
325 1593 498 1639 δύναται,
527 1593 633 1632 ἀλλα
657 1592 702 1632 τὸ
726 1594 794 1642 τῆς
820 1592 980 1643 φύσεως
1005 1591 1056 1632 ὡς
1081 1592 1238 1641 ἀληθῶς
1262 1590 1474 1642 βάρβαρον

144 1660 208 1699 καὶ
232 1662 336 1702 θεοῖς
362 1659 506 1712 ἐχθρὸν
532 1659 640 1699 ἕλκει
666 1659 728 1699 καὶ
753 1658 947 1709 βιάζεται,
977 1658 1038 1698 καὶ
1064 1657 1238 1710 φανερὸν
1264 1661 1370 1698 ποιεῖ
1392 1661 1474 1698 τοῖς

143 1730 336 1778 παροῦσιν
361 1727 496 1778 ὥσπερ
523 1726 760 1774 ἀλλοτρίοις,
792 1726 888 1776 ὅπερ
915 1725 1038 1772 ἔστιν,
1065 1724 1183 1764 αὐτὸν
1208 1724 1423 1777 χρώμενον.

208 1793 425 1833 Τοσούτων
461 1794 593 1833 τοίνυν
634 1793 696 1832 καὶ
738 1792 928 1832 τοιούτων
969 1794 1095 1832 ὄντων
1138 1793 1162 1831 ὃ.
1199 1795 1252 1846 τῷ
1291 1794 1472 1845 βδελυρῷ

143 1860 266 1914 τούτῳ
294 1860 356 1899 καὶ
381 1861 533 1900 ἀναιδεῖ
554 1860 765 1909 βεβίωται,
794 1859 894 1899 ἔνιοί
915 1876 980 1909 μοι
1007 1859 1253 1910 προσιόντες,
1281 1856 1310 1897 ὦ
1335 1857 1473 1909 ἄνδρες

143 1928 339 1972 δικασταί,
371 1930 448 1966 τῶν
481 1926 696 1979 χρωμένων
726 1925 842 1979 αὐτῷ,
875 1926 1154 1977 παραινοῦντες
1188 1925 1473 1976 ἀπαλλαγῆναι

144 1995 206 2033 καὶ
237 1996 470 2044 καθυφεῖναι
498 1993 567 2033 τὸν
599 1994 734 2044 ἀγῶνα
763 1994 928 2037 τουτονί,
961 1991 1095 2042 ἐπειδή
1124 2009 1171 2042 με
1200 1991 1253 2043 μὴ
1284 1993 1470 2037 πείθοιεν,

143 2060 194 2101 ὡς
222 2062 293 2110 μὲν
324 2060 368 2099 οὐ
397 2061 530 2100 πολλὰ
562 2060 624 2098 καὶ
653 2061 760 2099 δεινὰ
791 2060 1004 2109 πεποίηκεν
1030 2059 1143 2101 οὗτος
1175 2060 1237 2099 καὶ
1267 2060 1377 2108 δίκην
1403 2058 1469 2108 ἡν-

185 2178 205 2198 2
229 2173 305 2207 post
324 2167 559 2206 ἐνδεικνύμενος
576 2168 653 2198 add.
674 2167 697 2197 S
716 2177 819 2206 marg.
841 2167 959 2208 ἐπήρθη
976 2169 1077 2199 ταῦτα
1094 2170 1196 2199 ποιεῖν
1334 2177 1370 2205 14
1397 2168 1471 2198 ὑπο-

142 2211 308 2251 βαλομένη
336 2211 398 2241 SF
421 2211 527 2242 schol.
555 2221 585 2250 p.
613 2212 687 2249 627,
713 2212 755 2241 8:
795 2211 1046 2249 ὑποβαλλομένη
1077 2211 1148 2241 YO
1164 2211 1210 2240 P:
1246 2212 1469 2249 ὑπολαμβανο-

141 2254 221 2293 μένη
244 2254 274 2284 Α
450 2264 487 2291 17
519 2256 578 2292 τῆς
603 2256 700 2291 αὐτῆς
727 2254 885 2284 Dobree:
917 2254 1036 2291 ταύτης
1061 2257 1119 2292 τῆς
1146 2254 1189 2285 S:
1224 2256 1282 2291 τῆς
1306 2257 1378 2291 ἴσης
1404 2254 1472 2284 AF

145 2307 184 2336 19
208 2299 396 2337 τετυχηκὼς
414 2296 443 2326 Α
460 2297 483 2327 F
499 2309 505 2327 :
530 2298 695 2337 τετευχὼς
713 2297 736 2327 S
755 2297 795 2327 al.
907 2307 944 2327 21
973 2299 1012 2329 ὡς
1030 2298 1154 2334 ἀληθῶς
1172 2297 1334 2338 βάρβαρον
1351 2297 1380 2326 Α
1395 2297 1419 2326 F
1436 2302 1469 2327 et

141 2341 268 2370 omisso
285 2343 325 2373 ὡς
342 2341 447 2371 schol.
469 2351 499 2378 p.
521 2342 596 2375 626,
615 2350 654 2378 27
670 2352 676 2370 ε
701 2340 865 2381 βάρβαρον
883 2342 1007 2378 ἀληθῶς
1027 2341 1050 2369 S
1068 2341 1108 2371 al.
1267 2351 1307 2378 24
1333 2341 1434 2372 ὄντων
1451 2340 1471 2372 ἃ

142 2406 149 2413 .
171 2407 177 2413 .
197 2405 204 2413 .
225 2385 381 2420 βεβίωται
404 2383 494 2413 AF:
527 2384 629 2415 ὄντων
653 2407 660 2415 .
682 2407 688 2414 .
710 2407 717 2414 .
745 2382 787 2415 ὧν
807 2384 963 2421 βεβίωται
990 2384 1013 2414 S
1038 2384 1078 2414 al.
1304 2385 1346 2414 28
1377 2382 1470 2416 οὗτος

142 2426 311 2456 SYOP:
336 2428 446 2458 οὑτοσὶ
466 2427 535 2457 AF

185 2491 372 2518 DEMOSTH„
391 2491 466 2512 VOL.
489 2491 524 2511 ιι.
1320 2483 1335 2515 7

1507 149 1621 204 [562³¹

1508 260 1572 302 148

1510 868 1573 901 149

1507 919 1622 974 [563]

1508 1336 1572 1373 ¹50

1508 1802 1568 1838 151
