1737 2734
142 136 230 192 xm]
566 142 726 180 ΚΑΤΑ
775 142 1048 180 ΜΕιΔιοτ
1504 140 1606 195 [517]

729 243 886 272 ΝΟΜΟΣ.
1503 228 1605 282 [5¹7]

195 298 306 352 [Τοὺς
325 301 517 349 πρυτάνεις
532 302 649 338 ποιεῖν
666 301 868 348 ἐκκλησίαν
885 303 921 337 ἐν
938 301 1122 339 Διονύσου
1142 301 1189 350 τῇ
1208 301 1385 350 ὑστεραίᾳ
1400 303 1471 339 τῶν

142 354 321 392 Πανδίων.
368 356 404 392 ἐν
424 354 462 392 δὲ
482 356 596 405 ταύτῃ
615 355 854 405 χρηματίζειν
869 357 1014 403 πρῶτον
1027 356 1095 404 μὲν
1114 355 1197 404 περὶ
1215 357 1328 404 ἷερῶν,
1346 356 1471 393 ἔπειτα

139 409 204 448 τὰς
223 409 418 458 προβολὰς
438 408 743 457 παραδιδότωσαν
762 410 826 448 τὰς
846 410 1092 460 γεγενημένας
1113 409 1216 447 ἕνεκα
1236 411 1301 457 τῆς
1319 411 1470 459 πομπῆς

102 461 162 511 5ἢ
189 465 260 501 τῶν
287 463 436 514 ἀγώνων
462 466 534 501 τῶν
562 466 599 501 ἐν
625 466 701 503 τοῖς
726 464 948 508 Διονυσίοις,
974 464 1061 501 ὅσαι
1081 463 1126 501 ἂν
1144 464 1196 513 μὴ
1218 465 1469 513 ἐκτετισμέναι

139 514 262 568 gnum]

206 629 255 669 Ὁ
280 631 354 680 μὲν
387 630 505 680 νόμος
535 629 649 671 οὗτός
682 630 806 675 ἐστιν,
834 627 863 669 ὦ
897 629 1034 681 ἄνδρες
1060 629 1276 680 Ἀθηναῖοι,
1305 630 1391 671 καθ’
1425 630 1469 672 ὃν

141 698 180 737 αἱ
205 697 406 748 προβολαὶ
431 697 648 748 γίγνονται,
677 696 821 748 λέγων,
850 697 985 748 ὥσπερ
1010 697 1218 746 ἠκούσατε,
1246 701 1374 738 ποιεῖν
1398 698 1468 748 τὴν

141 764 357 813 ἐκκλησίαν
384 765 426 803 ἐν
461 764 661 803 Διονύσου
687 764 786 814 μετὰ
811 765 858 803 τὰ
885 762 1054 810 Πάνδια,
1083 764 1124 803 ἐν
1149 766 1190 804 δὲ
1215 765 1335 820 ταύτῃ
1362 767 1465 805 ἐπει-

83 848 120 870 10
141 831 213 870 δᾶν
246 831 548 882 χρηματίσωσιν
573 832 610 870 οἱ
644 830 826 881 πρόεδροι
857 831 944 882 περὶ
977 831 1032 870 ὧν
1062 828 1245 884 διῴκηκεν
1275 832 1295 870 ὁ
1320 831 1467 884 ἄρχων,

140 897 394 948 χρηματίζειν
420 897 483 936 καὶ
508 897 597 948 περὶ
622 897 676 936 ὧν
701 896 748 936 ἄν
774 913 832 938 τις
858 897 1050 946 ἠδικηκὼς
1074 896 1097 953 ᾗ
1121 898 1209 949 περὶ
1234 897 1306 947 τὴν
1332 899 1470 950 ἑορτὴν

141 960 163 1012 ἦ
190 963 530 1014 παρανενομηκώς,
561 967 702 1008 καλῶς,
731 962 760 1003 ὦ
792 963 928 1015 ἄνδρες
955 963 1171 1013 Ἀθηναῖοι,
1200 965 1263 1004 καὶ
1290 972 1467 1017 συμφερ-

141 1030 264 1070 όντως
297 1029 403 1082 ἔχων
436 1030 456 1068 ὁ
485 1030 616 1080 νόμος,
645 1030 696 1071 ὡς
726 1034 769 1069 τὸ
803 1029 950 1082 πρᾶγμ’
975 1030 1069 1070 αὐτὸ
1101 1035 1300 1082 μαρτυρεῖ.
1373 1033 1470 1072 ὅπου

141 1097 216 1147 γὰρ
242 1096 404 1137 ἐπόντος
428 1100 496 1136 τοῦ
522 1097 657 1149 φόβου
681 1096 821 1136 τούτου
850 1097 1064 1149 φαίνονταί
1085 1113 1188 1138 τινες
1213 1097 1327 1138 οὐδὲν
1352 1098 1471 1149 ἧττον

82 1179 118 1210 15
141 1163 343 1214 ὑβρισταί,
375 1163 414 1202 τί
446 1162 522 1215 χρὴ
559 1162 649 1204 τοὺς
685 1163 884 1204 τοιούτους
920 1166 1146 1215 προσδοκᾶν
1180 1163 1229 1204 ἂν
1265 1169 1404 1212 ποιεῖν,
1437 1167 1471 1206 εἰ

141 1229 274 1280 μηδεὶς
300 1230 348 1269 ἐπ
336 1246 398 1279 ην
424 1230 532 1282 ἀγὼν
556 1231 653 1280 μηδὲ
680 1231 874 1276 κίνδυνος;

209 1296 410 1346 Βούλομαι
450 1298 583 1337 τοίνυν
619 1297 711 1347 ὑμῖν
752 1297 815 1336 καὶ
851 1296 920 1337 τὸν
956 1295 1046 1347 ἑξῆς
1082 1297 1307 1349 ἀναγνῶναι
1346 1299 1470 1349 νόμον

141 1362 278 1417 τούτῳ·
318 1363 380 1402 καὶ
415 1364 491 1415 γὰρ
527 1365 569 1403 ἐκ
605 1363 743 1403 τούτου
781 1365 935 1415 φανερὰ
971 1367 1095 1404 πᾶσιν
1129 1365 1220 1415 ὑμῖν
1256 1365 1281 1415 ἥ
1317 1382 1358 1404 τε
1393 1369 1471 1405 τῶν

143 1429 279 1470 ἄλλων
315 1431 422 1480 ὑμῶν
459 1428 652 1481 εὐλάβεια
692 1429 906 1483 γενήσεται
948 1431 1012 1470 καὶ
1048 1431 1092 1470 τὸ
1128 1431 1267 1472 τούτου
1308 1431 1470 1484 θράσος.

82 1513 120 1533 20
141 1495 244 1549 Λέγε
269 1496 337 1537 τὸν
363 1497 498 1547 νόμον.

726 1577 883 1607 ΝΟΜΟΣ.

197 1633 453 1687 [Ευήγορος
420 1653 530 1674 ειπεν·
554 1636 642 1674 ὅταν
653 1636 675 1684 ἡ
690 1636 821 1684 πομπὴ
837 1635 861 1686 ᾖ
873 1637 924 1686 τῷ
940 1637 1144 1686 Διονύσῳ’
1128 1654 1165 1675 εν
1182 1639 1348 1686 Πειραιεῖ
1363 1638 1421 1675 καὶ
1437 1640 1471 1676 οἱ

143 1690 308 1741 κωμωδοι
329 1691 388 1728 καὶ
409 1693 442 1728 οἶ
457 1690 649 1742 τραγωδοί,
667 1691 727 1727 καὶ
745 1690 853 1738 <ἡ>’
839 1708 897 1727 επι
913 1690 1061 1741 Ληναίω
1080 1708 1211 1740 πομπη
1233 1692 1292 1729 καὶ
1312 1693 1345 1729 οῖ
1361 1709 1471 1744 τραγ-

142 1743 227 1781 ωδοὶ
252 1745 311 1782 καὶ
331 1746 365 1782 οἶ
386 1745 562 1796 κωμῳδοί,
580 1745 638 1782 καὶ
659 1761 734 1784 τοις
755 1747 792 1782 ἐν
812 1761 918 1781 αστει
935 1745 1183 1784 Διονυσίοις“
1165 1763 1188 1794 η
1209 1763 1340 1794 πομπη
1362 1747 1421 1784 καὶ
1437 1749 1471 1785 οἶ

0 1809 3 1826 ¹
84 1814 120 1845 25
142 1798 267 1838 παῖδες
288 1799 347 1836 καὶ
363 1800 382 1837 ὁ
399 1802 517 1848 κῶμος
534 1800 593 1836 καὶ
609 1801 642 1836 οἱ
658 1798 824 1849 κωμῳδοι
844 1799 904 1836 καὶ
919 1816 953 1836 οι
968 1799 1158 1850 τραγωδοι,
1177 1801 1235 1837 καὶ
1251 1802 1472 1851 Θαργηλίων

142 1907 273 1954 βάνειν
306 1908 429 1956 ἕτερον
463 1909 596 1957 ἑτέρου,
631 1907 725 1957 μηδὲ
757 1910 829 1945 τῶν
861 1908 1108 1957 ὑπερημέρων,
1145 1911 1182 1946 ἐν
1215 1910 1362 1949 ταύταις
1392 1912 1471 1949 ταῖς

142 1961 304 2010 ἡμέραις.
369 1964 430 2000 ἐὰν
459 1962 498 1999 δέ
525 1979 579 2001 τις
606 1963 744 2000 τούτων
772 1979 807 1999 τι
835 1963 1063 2012 παραβαίνῃ,
1094 1963 1266 2002 ὑπόδικος
1295 1964 1391 2001 ἔστω
1419 1966 1471 2015 τῷ

140 2015 307 2060 παθόντι,
338 2017 398 2053 καὶ
428 2016 618 2064 προβολαὶ
652 2018 763 2053 αὐτοῦ
794 2017 966 2054 ἔστωσαν
997 2019 1035 2054 ἐν
1065 2018 1112 2067 τῇ
1144 2018 1325 2066 ἐκκλησίᾳ
1354 2019 1402 2067 τῇ
1433 2021 1471 2056 ἐν

82 2084 121 2114 30
141 2071 326 2108 Διονύσου
353 2072 399 2110 ὡς
426 2070 645 2115 ἀδικοῦντος,
668 2070 762 2108 καθὰ
787 2071 871 2119 περὶ
895 2073 967 2109 τῶν
996 2072 1123 2109 ἄλλων
1151 2074 1222 2110 τῶν
1251 2071 1471 2111 ἀδικούντων

139 2121 376 2176 γέγραπται]

185 2238 204 2258 2
235 2231 300 2260 τῶν
324 2228 470 2261 Πανδίων
494 2227 702 2258 palmerius:
736 2229 769 2258 ἐν
795 2228 935 2260 πανδῖον’
953 2227 977 2258 S
1003 2238 1113 2260 corn:
1146 2231 1180 2260 ἐν
1205 2229 1353 2261 Πανδίονι
1379 2229 1468 2269 vulg.

143 2272 206 2310 7-8
230 2273 297 2303 καθ’
315 2273 352 2304 ὃν
368 2296 375 2303 .
396 2296 403 2303 .
423 2296 430 2303 .
450 2272 620 2313 ’γίγνονται
637 2271 715 2301 secl.
736 2271 843 2302 Cobet
945 2281 979 2301 Π
1007 2272 1219 2313 χρηματίζειν
1235 2273 1360 2304 κελεύει
1378 2274 1468 2311 vulg.

146 2325 183 2353 17
209 2315 386 2355 ἀναγνῶναι
411 2321 490 2346 ante
516 2314 613 2354 νόμον
638 2314 684 2344 F:
716 2320 792 2354 post
817 2315 913 2353 νόμον
939 2315 962 2345 S
986 2315 1028 2345 al.
1211 2326 1252 2346 22
1285 2317 1335 2356 ἐν]
1361 2321 1406 2357 τῷ
1432 2319 1470 2355 ἐμ

143 2357 287 2388 Foucart
377 2369 418 2397 23
442 2359 461 2397 ἡ
479 2359 554 2389 add.
577 2357 703 2388 Reiske
793 2368 834 2397 25
859 2359 1050 2399 Θαργηλίων
1068 2358 1217 2389 Reiske:
1245 2362 1260 2391 ὅ
1278 2361 1470 2401 Θαργηλιὼν

143 2402 213 2431 (vel
238 2403 479 2443 Θαργηλιῶνος)
506 2402 602 2432 codd.
753 2403 796 2432 26
826 2402 870 2441 μὴ
896 2402 923 2432 Β
948 2411 1057 2432 corn:
1088 2403 1171 2441 μήτε
1197 2402 1221 2433 S
1244 2404 1332 2442 vulg.
1354 2415 1361 2434 :
1391 2403 1468 2443 μήτι

143 2444 328 2475 Buttmann

1506 1315 1547 1339 10

142 1854 189 1902 τῇ
208 1855 340 1903 πομπῇ
360 1854 419 1890 καὶ
441 1871 492 1891 τω
519 1856 642 1905 ἀγῶνι,
662 1854 714 1902 μὴ
742 1853 872 1897 εξεῖναι
897 1854 990 1902 μήτε
1016 1855 1235 1904 ἐνεχυράσαι
1254 1855 1347 1903 μήτε
1373 1858 1468 1904 λαμ·
1502 1857 1606 1911 [518]
