1737 2734
92 174 205 228 [474]

161 692 201 727 57

152 1757 194 1792 59

84 2010 193 2063 ww]

666 173 1151 212 ΔΗΜΟΣΘΕΝΟΎΣ
1493 169 1564 223 hx

237 275 311 327 γάρ
335 293 437 317 τινες
463 279 540 316 τῶν
565 276 787 327 εὑρημένων
814 276 919 316 ταῦτ’
943 275 1060 326 ἦσαν·
1097 277 1203 317 τουτὶ
1229 279 1302 328 γὰρ
1321 279 1426 328 παρὰ
1451 277 1565 317 πάντ’

237 344 351 382 ἔσται
375 342 444 382 τὸν
469 343 591 394 λόγον
616 343 758 384 αὐτοῖς.
823 342 943 383 ἔπειτ’
966 342 1080 382 ἐκεῖν’
1101 343 1259 394 ἀγνοεῖν
1280 342 1476 395 φήσομεν,
1505 345 1566 384 ὅτι

235 409 306 458 τὴν
332 408 456 458 ἀξίαν,
479 410 573 448 ὅταν
599 412 777 458 διδῶμεν,
800 411 860 448 δεῖ
884 413 1062 454 σκοπεῖν,
1085 409 1129 449 οὐ
1153 411 1251 460 μετὰ
1270 409 1378 449 ταῦθ’
1398 411 1564 461 ὕστερον

235 476 365 529 χρόνῳ
386 477 631 525 παμπληθεῖ;
670 475 715 514 τὸ
740 477 812 525 μὲν
832 476 907 527 γὰρ
929 474 974 525 ἐξ
997 476 1121 528 ἀρχῆς
1145 492 1181 515 τι
1204 475 1256 525 μὴ
1277 479 1410 516 δοῦναι
1428 477 1564 532 γνώμῃ

235 540 499 593 χρησαμένων
537 541 653 592 ἔργον
695 542 913 593 ἀνθρώπων
954 542 1053 581 ἐστί·
1106 541 1150 581 τὸ
1192 545 1232 582 δὲ
1270 543 1361 584 τοὺς
1399 543 1564 594 ἔχοντας
1584 562 1601 592 5

236 609 493 658 ἀφαιρεῖσθαι
513 608 781 659 φθονούντων,
805 611 918 647 τοῦτο
945 608 978 647 δ’
999 608 1044 648 οὐ
1070 611 1129 648 δεῖ
1152 611 1280 648 δοκεῖν
1299 609 1396 658 ὑμᾶς
1415 625 1561 649 πεπον-

235 673 355 714 θέναι.
414 674 475 713 καὶ
493 673 571 723 μὴν
590 674 670 713 οὐδ’
691 674 806 714 ἐκεῖν’
828 673 984 723 ὀκνήσω
1006 675 1094 725 περὶ
1113 677 1181 724 τῆς
1200 674 1310 724 ἀξίας
1329 675 1447 724 αὐτῆς
1467 675 1564 726 πρὸς

233 741 331 789 ὑμᾶς
361 742 497 781 εἰπεῖν.
569 741 646 792 ἐγὼ
678 742 751 792 γαρ
778 742 822 781 οὐ
853 744 921 780 τόν
953 741 1070 780 αὐτὸν
1100 742 1246 792 τρόπον
1276 741 1417 791 νομίζω
1448 743 1564 781 πόλει

233 806 301 846 τὸν
331 806 441 857 ἄξιον
471 806 706 857 ἐξεταστέον
740 807 839 846 εῖναι
871 808 932 847 καὶ
965 808 1110 862 ἰδιώτῃ·
1149 808 1235 847 οὐδὲ
1266 809 1340 858 γὰρ
1370 809 1458 858 περὶ
1486 812 1563 848 τῶν

233 873 359 913 αὐτῶν
388 873 410 923 ἡ
442 873 599 924 σκέψις.
673 874 750 927 ἰδίᾳ
782 876 854 923 μὲν
885 875 960 925 γὰρ
994 875 1160 914 ἕκαστος
1194 874 1301 923 ἡμῶν
1335 877 1478 913 σκοπεῖ
1505 876 1563 916 τίς
1586 892 1623 913 10

231 938 340 989 ἄξιός
367 941 477 980 ἐστιν
503 940 672 980 ἑκάστου
699 940 890 989 κηδεστὴς
914 937 936 989 ἢ
964 943 1042 980 τῶν
1067 941 1254 980 τοιούτων
1278 957 1315 979 τι
1339 942 1560 992 γίγνεσθαι,

231 1010 353 1046 ταῦτα
381 1009 423 1046 δὲ
454 1007 516 1046 καὶ
546 1007 679 1056 νόμοις
710 1006 792 1046 τισὶ
824 1008 886 1046 καὶ
917 1006 1050 1057 δόξαις
1083 1007 1299 1058 διώρισται·
1339 1013 1448 1063 κοινῇ
1478 1007 1510 1046 δ’
1538 1008 1561 1057 ὴ

231 1074 346 1114 πόλις
378 1074 440 1113 καὶ
467 1074 487 1112 ὁ
512 1075 645 1123 δῆμος,
673 1074 785 1115 ὅστις
810 1072 858 1113 ἂν
884 1073 1003 1113 αὐτὸν
1029 1073 1068 1113 εὖ
1095 1079 1188 1129 ποιῇ
1214 1074 1276 1113 καὶ
1304 1070 1420 1128 σιιίζῃ,
1448 1077 1561 1113 τοῦτο

231 1139 263 1179 δ’
283 1139 327 1179 οὐ
348 1139 453 1192 γένει
480 1141 542 1180 καὶ
567 1139 661 1195 δόξῃ
685 1140 915 1192 κρινόμενον
939 1141 1012 1180 ἴδοι
1032 1157 1090 1181 τις
1109 1140 1169 1185 ἄν,
1193 1139 1284 1179 ἀλλ’
1305 1140 1417 1193 ἔργῳ.
1466 1141 1561 1180 ὅταν

230 1208 302 1255 μὲν
335 1207 402 1246 οὖν
436 1206 477 1247 εἴ)
510 1206 684 1259 πάσχειν
722 1206 803 1262 δέῃ,
837 1207 906 1246 τὸν
943 1208 1194 1257 βουλόμενον
1227 1207 1267 1246 εὖ
1301 1211 1427 1246 ποιεῖν
1460 1207 1560 1257 ἡμᾶς
1582 1223 1619 1255 15

230 1273 414 1323 ἐάσομεν,
437 1274 596 1314 ἐπειδὰν
617 1275 656 1313 δὲ
679 1273 876 1323 πάθωμεν,
899 1274 989 1313 τότε
1008 1274 1079 1323 τὴν
1099 1274 1213 1323 ἀξίαν
1234 1277 1301 1312 τοῦ
1320 1273 1561 1323 ποιήσαντος

229 1341 482 1392 σκεψόμεθα;
520 1340 587 1379 οὐκ
614 1339 674 1391 ἄρ’
701 1341 825 1391 ὀρθῶς
850 1341 1167 1391 βουλευσόμεθα.

295 1406 424 1446 Ἀλλὰ
444 1406 490 1456 νὴ
510 1406 578 1446 Δί’
596 1407 703 1446 οὗτοι
722 1408 835 1457 μόνοι
856 1411 970 1447 τοῦτο
989 1409 1208 1451 πείσονται,
1228 1407 1290 1446 καὶ
1307 1407 1394 1458 περὶ
1411 1407 1560 1447 τούτων

227 1474 359 1523 μόνων
380 1477 563 1524 ποιοῦμαι
583 1474 707 1525 λόγον
727 1477 931 1514 τοσοῦτον.
989 1477 1143 1514 πολλοῦ
1162 1491 1207 1526 γε
1228 1475 1289 1513 καὶ
1310 1473 1397 1513 δέω.
1452 1475 1560 1513 ἀλλὰ

228 1541 376 1581 πάντας
401 1543 473 1590 μὲν
497 1540 576 1580 οὐδ’
597 1539 645 1580 ἂν
671 1540 948 1593 ἐγχειρήσαιμ’
969 1541 1162 1592 ἐξετάζειν
1188 1542 1276 1580 ὅσοι
1301 1541 1560 1590 πεποιηκότες
1582 1557 1621 1579 20

229 1608 324 1657 ὑμᾶς
344 1608 385 1647 εὖ
405 1609 467 1647 δια
487 1607 555 1647 τὸν
576 1608 709 1657 νόμον,
733 1609 766 1647 εἰ
786 1608 838 1657 μὴ
859 1607 1088 1657 λυθήσεται,
1107 1610 1154 1647 τὰ
1174 1606 1323 1647 δοθέντ’
1341 1606 1556 1659 ἀφαιρεθή·

227 1691 378 1714 σονται·
417 1674 458 1714 ἓν
483 1674 516 1713 δ’
539 1671 559 1723 ἦ
580 1674 646 1714 δύο
674 1673 803 1724 δείξας
830 1674 886 1714 ἔτι
907 1674 1140 1726 ψηφίσματ’
1162 1673 1467 1724 ἀπαλλάττομαι
1491 1677 1559 1713 τοῦ

226 1742 313 1792 περὶ
343 1741 490 1781 τούτων
519 1740 667 1792 λέγειν.
740 1745 853 1780 τοῦτο
888 1743 960 1792 μὲν
991 1742 1120 1782 τοίνυν
1150 1742 1328 1782 Θασίους
1356 1741 1446 1782 τοὺς
1475 1740 1558 1791 μετ’

226 1806 451 1859 Ἐκφάντου
469 1811 550 1849 πῶς
568 1807 635 1847 οὐκ
654 1807 876 1857 ἀδικήσετε,
896 1810 964 1848 ἐὰν
982 1809 1207 1860 ἀφαιρῆσθε
1224 1808 1295 1858 τὴν
1311 1806 1506 1852 ἀτέλειαν,
1522 1808 1558 1847 οἲ

225 1875 465 1925 παραδόντες
484 1875 575 1925 ὑμῖν
594 1873 736 1915 Θάσον
760 1875 821 1915 καὶ
842 1875 913 1924 τὴν
936 1876 1255 1926 Λακεδαιμονίων
1275 1876 1451 1926 φρουρὰν
1469 1873 1556 1924 μεθ’
1579 1891 1616 1922 25

225 1942 360 1980 ὅπλων
379 1941 622 1991 ἐκβαλόντες
644 1942 705 1981 καὶ
725 1942 1022 1993 Θρασύβουλον
1045 1943 1327 1993 εἰσαγαγόντες
1348 1941 1409 1980 καὶ
1429 1957 1552 1991 παρα-

226 2008 395 2059 σχόντες
422 2009 546 2060 φίλην
574 2009 661 2058 ὑμῖν
687 2007 757 2057 τὴν
785 2009 912 2048 αὑτῶν
938 2009 1106 2060 πατρίδα
1136 2010 1253 2048 αἴτιοι
1277 2011 1344 2047 τοῦ
1369 2006 1558 2059 γενέσθαι

227 2075 438 2126 σύμμαχον
463 2074 531 2115 τὸν
558 2075 644 2126 περὶ
671 2073 834 2129 Θρᾴκην
864 2076 988 2116 τόπον
1017 2076 1108 2126 ὑμῖν
1138 2074 1341 2126 ἐγένοντο;
1378 2077 1494 2113 τοῦτο
1524 2073 1556 2112 δ’

226 2141 444 2194 Ἀρχέβιον
467 2142 528 2181 καὶ
545 2141 823 2193 (Ηρακλείδην,
847 2142 883 2181 οἳ
905 2141 1115 2191 Βυζάντιον
1136 2142 1374 2193 παραδόντες
1392 2143 1555 2192 Θρασυ-

227 2208 363 2261 βούλῳ
392 2209 541 2259 κυρίους
570 2209 669 2258 ὑμᾶς
698 2209 892 2258 ἐποίησαν
918 2211 985 2247 τοῦ
1007 2207 1330 2257 (Ελλησπόντου,
1357 2207 1460 2246 ὥστε
1485 2206 1557 2256 τὴν
1577 2221 1617 2251 30

228 2275 393 2324 δεκάτην
421 2274 643 2314 ἀποδόσθαι
671 2275 731 2314 καὶ
759 2274 971 2327 χρημάτων
997 2274 1292 2327 εὐπορήσαντας
1312 2276 1554 2323 Λακεδαιμο-

276 2393 311 2420 ¹4
345 2383 529 2423 κρινόμενον
553 2394 618 2414 om.
646 2383 817 2413 SAYO:
851 2384 926 2414 add.
957 2384 981 2413 L
1006 2384 1048 2413 al.
1194 2385 1233 2412 16
1265 2382 1299 2414 εὖ
1322 2382 1468 2421 πάθωμεν
1496 2382 1557 2411 LF

229 2437 268 2463 24
290 2426 453 2465 ἀφέλησθε
473 2426 497 2455 F
510 2428 532 2456 S
549 2440 598 2466 γρ.
768 2429 875 2463 2526
899 2428 948 2458 καὶ
968 2433 1043 2466 post
1061 2426 1169 2459 Θάσον
1187 2432 1219 2456 ct
1238 2437 1315 2456 mox
1334 2431 1409 2465 post
1428 2427 1556 2464 εἰσαγα-

227 2471 342 2509 γόντες
360 2470 438 2500 secl.
460 2469 549 2499 weil
