1737 2734
69 884 105 904 10

68 1218 103 1249 15

66 1552 105 1573 20

130 152 218 207 xm]
551 157 708 194 ΚΑΤΑ
760 156 1032 194 ΜΕιΔιοτ
1492 153 1603 206 [583]

125 263 294 314 ὀργίλως
330 263 391 302 καὶ
425 266 568 313 πικρῶς
604 262 665 301 καὶ
699 263 886 314 χαλεπῶς
923 258 1094 301 ἅπαντες
1133 259 1295 311 ἔχοντες
1327 253 1457 309 [ἐφαί-

126 327 271 381 νεσθεῇ
294 330 398 369 ὥστε
418 328 703 379 Νεοπτολέμου
730 327 792 367 καὶ
815 328 1104 380 Μνησαρχίδου
1132 326 1195 365 καὶ
1216 324 1460 364 Φιλιππίδου

127 398 192 436 καί
218 413 323 437 τινος
346 400 424 435 τῶν
450 397 610 447 σφόδρα
640 394 788 434 τούτων
815 394 1020 434 πλουσίων
1047 392 1245 443 δεομένων
1272 391 1334 430 καὶ
1366 392 1459 441 ἐμοῦ

127 464 190 503 καὶ
207 464 327 513 ὑμῶν,
346 464 491 513 ἐβοᾶτε
511 462 561 513 μὴ
580 463 753 514 ἀφεῖναι,
775 461 836 501 καὶ
857 460 1155 513 προσελθόντος
1175 476 1241 510 μοι
1259 458 1460 498 Βλεπαίου

125 533 193 569 τοῦ
216 530 458 581 τραπεζίτου,
485 528 681 579 τηλικοῦτ’
702 527 952 580 ἀνεκράγετε,
982 527 1046 573 ὡς,
1074 526 1178 566 τοῦτ’
1197 527 1337 571 ἐκεῖνο,
1358 523 1454 578 χρή-

124 596 228 647 ματά
257 614 330 647 μου
358 596 602 648 ληψομένου,
635 595 738 635 ὥστε
769 595 820 646 μ’,
848 592 878 633 ὦ
909 593 1046 646 ἄνδρες
1073 593 1289 643 Ἀθηναῖοι,
1323 595 1454 644 φοβη-
1489 595 1557 630 216

125 663 243 704 θέντα
268 663 336 703 τὸν
360 663 547 716 ὑμέτερον
574 664 745 715 θόρυβον
771 660 976 712 θοίμάτιον
1002 660 1198 712 προέσθαι
1228 660 1291 700 καὶ
1319 661 1458 710 μικροῦ

126 731 273 783 γυμνὸν
299 732 342 770 ἐν
364 734 417 785 τῷ
442 732 666 784 χιτωνίσκῳ
686 728 887 782 γενέσθαι,
909 727 1097 780 φεύγοντ’
1118 729 1270 767 ἐκεῖνον
1289 725 1458 767 ἕλκοντά

123 816 183 848 με,
215 799 278 838 καὶ
305 800 404 847 μετὰ
430 797 536 837 ταῦτ’
562 799 811 838 ἀπαντῶντες
839 798 847 812 ‘
865 796 972 836 ὅπως
1004 794 1135 845 ἐπέξει
1159 798 1212 848 τῷ
1237 797 1363 848 μιαρῷ
1395 792 1457 832 καὶ

124 865 175 915 μὴ
202 865 397 905 διαλύσει·
434 864 651 905 θεάσονταί
678 880 725 904 σε
755 864 797 903 τί
822 861 1004 912 ποιήσεις
1036 861 1268 911 Ἀθηναῖοι’
1297 863 1457 900 τοιαῦτα

124 932 324 983 λέγοντες·
363 931 495 982 ἐπειδὴ
521 931 838 984 κεχειροτόνηται
862 932 935 981 μὲν
959 930 1074 981 ὕβρις
1100 929 1144 968 τὸ
1171 926 1317 979 πρᾶγμ’
1344 927 1454 971 εἶναι,

125 1001 166 1040 ἐν
186 1002 272 1054 ἱερῷ
294 999 327 1039 δ’
344 1001 381 1039 οἱ
396 1002 517 1039 ταῦτα
539 1000 735 1050 κρίνοντες
756 997 1008 1048 καθεζόμενοι
1028 995 1264 1047 διέγνωσαν,
1283 993 1458 1044 διέμεινα

125 1067 158 1105 δ’
187 1067 264 1119 ἐγὼ
299 1066 361 1106 καὶ
395 1066 439 1105 οὐ
472 1065 663 1117 προῦδωκ’
692 1064 774 1104 οὔθ’
803 1065 903 1114 ὑμᾶς
936 1063 1015 1103 οὔτ’
1048 1063 1230 1114 ἐμαυτόν,
1261 1060 1457 1111 τηνικαῦτ’

125 1133 422 1186 ἀποψηφιεῖσθ’
463 1134 585 1184 ὑμεῖς.
655 1135 854 1183 μηδαμῶς·
903 1130 1032 1170 πάντα
1071 1132 1147 1183 γὰρ
1185 1131 1234 1169 τὰ
1276 1127 1456 1180 αἴσχιστ’
1489 1109 1601 1199 ἑ5184]

125 1202 281 1241 ἔνεστιν
308 1202 350 1240 ἐν
368 1204 420 1254 τῷ
447 1200 656 1252 πράγματι.
714 1199 793 1249 εἰμὶ
818 1198 850 1238 δ’
871 1197 914 1237 οὐ
939 1197 1088 1237 τούτων
1113 1198 1203 1247 ὑμῖν
1229 1194 1337 1246 ἄξιος
1361 1193 1458 1244 (πῶς
1538 1175 1555 1207 7

125 1267 212 1320 γάρ,
236 1266 265 1307 ὦ
285 1267 422 1318 ἄνδρες
442 1264 681 1316 Ἀθηναῖοις)
702 1266 842 1317 κρίνων
863 1265 1070 1315 ἄνθρωπον
1091 1264 1153 1304 καὶ
1179 1265 1369 1302 δοκοῦντα
1396 1262 1458 1301 καὶ

125 1337 221 1374 ὄντα
239 1335 376 1385 βίαιον
395 1334 458 1374 καὶ
477 1332 688 1385 ὑβριστήν,
707 1330 944 1384 ἡμαρτηκότ’
962 1332 1147 1383 ἀσελγῶς
1167 1331 1209 1370 ἐν
1230 1329 1455 1381 πανηγύρει,

123 1401 320 1453 μάρτυρας
359 1403 428 1451 τῆς
468 1401 622 1452 ὕβρεως
660 1402 729 1449 τῆς
769 1401 907 1439 ἑαυτοῦ
945 1397 1211 1448 πεποιημένον
1250 1397 1295 1436 οὐ
1335 1396 1458 1445 μόνον

124 1470 235 1519 ὑμᾶς,
258 1469 366 1509 ἀλλὰ
391 1469 454 1508 καὶ
473 1468 564 1509 τοὺς
589 1465 910 1517 ἐπιδημήσαντας
938 1464 1115 1506 ἅπαντας
1134 1467 1212 1504 τῶν
1231 1461 1454 1511 “Ελλήνων.

123 1535 294 1585 ἤκουσεν
313 1537 333 1574 ὁ
353 1537 474 1585 δῆμος
492 1536 540 1574 τὰ
560 1532 816 1586 πεπραγμένα
841 1532 979 1586 τούτῳ.
1039 1533 1079 1571 τί
1102 1532 1189 1577 οὓν;
1227 1531 1317 1580 ὑμῖν
1338 1545 1454 1569 κατα-

124 1601 411 1655 χειροτονήσας
452 1601 690 1653 παρέδωκεν.
764 1599 808 1639 οὐ
849 1599 980 1639 τοίνυν
1020 1599 1104 1638 οἶόν
1140 1597 1173 1637 τ’
1210 1598 1344 1649 ἀφανῆ
1384 1595 1455 1645 τὴν
1487 1599 1554 1633 218

124 1673 274 1721 γνῶσιν
298 1671 405 1720 ὑμῶν
430 1667 631 1721 γενέσθαι,
658 1667 746 1707 οὐδὲ
774 1669 925 1711 λαθεῖν,
954 1665 1035 1706 οὐδ’
1062 1664 1329 1716 ἀνεξέταστον
1357 1662 1457 1703 εἶναι

123 1737 165 1776 τί
186 1736 275 1776 ποθ’
300 1736 350 1778 ὡς
375 1737 474 1786 ὑμᾶς
498 1739 567 1775 τοῦ
591 1733 820 1786 πράγματος
853 1734 1039 1775 ἐλθόντος
1070 1733 1230 1784 ἔγνωτε·
1268 1729 1359 1771 ἀλλ’
1387 1731 1456 1770 ἐὰν

122 1805 195 1853 μὲν
215 1803 427 1853 κολάσητε,
449 1800 583 1851 δόξετε
609 1802 817 1853 σώφρονες
845 1801 944 1841 εἶναι
972 1801 1034 1840 καὶ
1061 1800 1175 1840 καλοὶ
1202 1797 1366 1849 κάγαθοὶ
1393 1796 1455 1836 καὶ

506 1868 534 1882 εκ,
569 1869 578 1882 Ὶ

85 1887 100 1917 „-
121 1871 398 1921 μισοπόνηροι,
425 1869 472 1909 ἂν
503 1880 522 1908 0
561 1871 702 1920 αφῆτε,
729 1868 855 1908 ἄλλου
889 1866 994 1909 τινὸς
1026 1867 1232 1917 ἡττῆσθαι.
1304 1864 1348 1904 οὐ
1378 1865 1454 1915 γὰρ

123 1939 166 1976 ἐκ
196 1939 402 1986 πολιτικῆς
431 1937 569 1981 αἰτίας,
604 1935 684 1974 οὐδ’
715 1935 850 1986 ὥσπερ
876 1934 1134 1986 Ἀριστοφῶν
1165 1931 1334 1972 ἀποδοὺς
1363 1930 1454 1971 τοὺς

123 2002 348 2056 στεφάνους
384 2003 505 2043 ἔλυσε
537 2002 609 2052 τὴν
642 2001 863 2053 προβολήν,
901 2001 992 2041 ἀλλ’
1027 2000 1073 2051 ἐξ
1105 2001 1271 2050 ὕβρεως,
1308 1999 1350 2037 ἐκ
1386 1999 1455 2036 τοῦ

120 2073 244 2121 μηδὲν
269 2070 318 2110 ἂν
343 2071 397 2110 ὧν
423 2068 602 2119 πεποίηκ’
630 2069 827 2109 ἀναλῦσαι
853 2069 1046 2108 δύνασθαι
1073 2067 1254 2119 κρίνεται.
1320 2062 1452 2115 πότερ’

169 2191 181 2211 1
210 2181 379 2220 ἐφαίνεσθε
398 2181 565 2221 (φαινεσθε
583 2179 620 2218 S)
641 2179 720 2210 secl.
740 2178 832 2209 Weil
949 2189 986 2209 10
1011 2176 1156 2209 διαλύσει
1175 2175 1201 2205 Β
1217 2175 1247 2205 Y
1260 2175 1286 2204 P
1299 2175 1322 2204 S
1340 2184 1425 2204 corr·
1446 2185 1452 2203 :

121 2224 260 2266 διαλύσῃ
279 2223 489 2263 S¹vu1g.‚cf.
504 2234 550 2253 xx
566 2232 607 2261 43
701 2233 713 2252 1
724 2233 735 2252 1
765 2223 872 2261 ἐπειδὴ
891 2222 914 2252 S
927 2222 955 2252 A
968 2222 997 2251 Y
1011 2221 1041 2252 Ο
1055 2221 1102 2251 P:
1129 2220 1197 2251 ἐπεὶ
1215 2218 1248 2250 δὲ
1267 2218 1314 2249 B:
1342 2217 1452 2254 ἐπειδὴ

121 2268 155 2299 δὲ
173 2268 262 2307 vulg.
374 2277 411 2297 12
437 2268 600 2308 κρίναντες
618 2266 649 2296 Λ
758 2276 860 2304 14—25
886 2266 991 2296 verba
1009 2264 1114 2296 πάντα
1128 2264 1191 2304 ’γὰρ
1210 2287 1216 2293 .
1236 2286 1242 2292 .
1266 2286 1271 2292 .
1292 2262 1452 2298 ἡττῆσθαι

121 2312 227 2342 obelis
244 2316 359 2342 notata
377 2312 409 2341 in
430 2311 453 2341 S
465 2311 491 2341 F
626 2320 664 2348 19
689 2312 920 2347 ἐπιδημοῦντας
936 2309 967 2338 Α
1101 2316 1142 2346 25
1167 2307 1325 2344 ἡττῆσθαι
1344 2313 1447 2343 marg.

123 2354 295 2387 Lambini:
321 2355 465 2392 ἥττησθε
484 2354 508 2384 S
524 2366 531 2385 τ
555 2354 698 2391 ἥττησθε
716 2353 746 2383 Y
760 2353 790 2383 O
804 2353 848 2383 P:
875 2353 1019 2391 ἡττᾶσθε
1037 2351 1067 2381 Α
1081 2350 1105 2380 F
1283 2349 1324 2378 28
1348 2348 1451 2378 verba

121 2397 229 2439 πότερ’
246 2398 300 2430 οὖν
318 2422 325 2429 .
347 2423 354 2429 .
375 2422 382 2429 .
402 2397 492 2430 κοινά
507 2397 613 2428 obelis
632 2401 748 2427 notata
764 2397 797 2426 in
816 2396 840 2426 S
854 2395 878 2425 F

1282 2447 1321 2478 8*
