1737 2734
202 93 273 148 xx]
592 97 751 135 ΠΡΟΣ
799 97 1137 135 ΛΕΠΤΙΝΗΝ

198 202 327 243 δεινὸν
347 201 426 248 οὖν,
449 203 483 242 εἰ
506 205 584 242 τῶν
610 203 724 251 ἱερῶν
743 199 887 251 ἀτελής
911 218 969 243 τις
994 199 1254 254 ἀφεθήσεται.
1316 201 1394 252 ἐγὼ
1419 202 1460 241 δὲ
1485 200 1529 240 τὸ

199 269 271 320 μέν
295 285 415 315 τινας,
443 269 500 310 οἷς
525 269 546 308 ὁ
570 270 691 319 δῆμος
715 268 872 315 ἔδωκεν,
899 268 1054 310 ἀτελεῖς
1079 267 1180 309 εἶναι
1203 266 1353 307 τούτων
1379 268 1529 308 δίκαιον

198 336 378 388 ἡγοῦμαι,
405 335 426 375 ὃ
449 337 491 376 δὲ
521 339 590 376 νῦν
614 335 722 375 οὗτοι
748 334 998 386 ποιήσουσιν,
1025 336 1094 375 ἐὰν
1117 334 1193 387 ἄρα
1216 337 1337 374 ταῦτα
1361 332 1527 386 λέγωσι,

198 402 302 442 τοῦτ’
332 402 433 443 εἶναι
469 403 598 443 δεινὸν
635 403 792 454 νομίζω.
854 403 888 442 εἶ
923 404 998 454 γὰρ
1031 402 1055 442 ἃ
1083 398 1211 452 [κατὰ]
1238 399 1373 452 μηδέν’
1403 400 1530 441 ἄλλον

160 487 177 517 5
199 470 340 522 ἔχουσι
365 470 510 520 τρόπον
534 468 658 520 δεῖξαι
687 471 837 510 δίκαιον
861 469 960 519 ὑμᾶς
989 467 1228 521 ἀφελέσθαι,
1253 466 1361 508 ταῦτ’
1387 468 1452 508 ἐπὶ
1477 471 1530 522 τῷ

196 539 274 576 τῶν
300 539 399 576 θεῶν
424 536 585 587 ὀνόματι
610 540 738 577 ποιεῖν
765 534 1014 586 ζητήσουσιν,
1041 539 1123 576 πῶς
1152 534 1220 574 οὐκ
1249 533 1530 585 ἀσεβέστατον

198 603 314 655 ἔργον
351 603 413 643 καὶ
450 603 678 643 δεινότατον
712 602 951 655 πράξουσιν;
989 602 1065 655 χρὴ
1100 601 1188 654 γάρ,
1225 601 1275 643 ὡς
1310 604 1406 653 γοῦν
1442 602 1529 652 ἐμοὶ

197 671 314 715 δοκεῖ,
342 670 419 709 ὅσα
443 686 502 711 τις
527 669 688 720 πράττει
713 669 803 710 τοὺς
829 669 941 710 θεοὺς
966 669 1226 720 ἐπιφημίζων,
1253 671 1413 708 τοιαῦτα
1433 669 1527 720 φαί-

195 738 336 776 νεσθαι
360 737 424 776 οἶα
447 736 536 786 μηδ’
555 735 604 776 ἂν
623 735 684 776 ἐπ’
705 735 912 788 ἀνθρώπου
937 734 1164 788 πραχθέντα
1189 736 1342 786 πονηρὰ
1367 736 1527 787 φανείη.

139 818 177 841 10
195 804 254 843 ὅτι
279 803 313 842 δ’
333 803 401 843 οὐκ
428 803 514 843 ἔστι
539 802 680 843 ταύτὸν
701 804 815 854 ἱερῶν
840 801 1025 842 ἀτέλειαν
1050 802 1158 855 ἔχειν
1179 802 1241 842 καὶ
1264 805 1526 858 λῃτουργιῶν,

195 869 288 909 ἀλλ’
307 870 416 910 οὗτοι
440 869 485 909 τὸ
509 873 587 910 τῶν
612 872 858 925 λῃτουργιῶν
877 868 988 920 ὄνομ’
1009 869 1073 909 ἐπὶ
1098 868 1142 908 τὸ
1165 872 1244 909 τῶν
1271 870 1385 921 ἱερῶν
1409 884 1526 918 μετα-

194 936 385 987 φέροντες
410 935 610 986 ἐξαπατᾶν
632 936 801 986 ζητοῦσι,
822 936 1020 986 Λεπτίνην
1039 936 1129 986 ὑμῖν
1154 935 1272 976 αὐτὸν
1297 935 1375 987 ἐγὼ
1400 951 1524 987 παρα-

194 1001 402 1056 σχήσομαι
420 1002 606 1055 μάρτυρα.
658 1002 824 1055 γράφων
843 1004 919 1055 γὰρ
935 1002 1063 1055 ἀρχὴν
1079 1006 1146 1042 τοῦ
1164 1002 1286 1053 νόμου
1304 1004 1313 1019 ‘
1329 1002 1527 1051 Λεπτίνης

193 1068 303 1109 εἶπεν
320 1069 329 1083 ’
349 1071 489 1121 φησίν,
513 1071 523 1086 ‘
535 1071 642 1111 ὅπως
660 1069 710 1109 ἂν
728 1071 764 1110 οἱ
783 1070 1076 1110 πλουσιώτατοι
1094 1072 1384 1125 λῃτουργῶσιν,
1403 1068 1525 1118 ἀτελῆ

136 1150 172 1182 ¹5
191 1135 326 1186 μηδέν’
357 1135 457 1177 εἶναι
486 1135 592 1186 πλὴν
622 1139 700 1176 τῶν
729 1135 799 1188 ἀφ’
824 1135 1034 1188 “Αρμοδίου
1064 1136 1127 1176 καὶ
1156 1135 1525 1188 Ἀριστογείτονοςῖ

193 1203 320 1242 καίτοι
349 1204 382 1243 εἰ
408 1201 455 1253 ἦν
481 1205 596 1255 ἱερῶν
621 1202 804 1243 ἀτέλειαν
829 1203 938 1256 ἔχειν
963 1202 1080 1243 ταύτὸ
1110 1202 1173 1242 καὶ
1202 1206 1461 1259 λῃτουργιῶν,
1488 1203 1529 1242 τί

191 1286 307 1309 τουτο
331 1270 468 1321 μαθὼν
486 1269 772 1322 προσέγραψεν
780 1286 792 1316 ,·
831 1270 920 1311 οὐδὲ
940 1271 1015 1321 γὰρ
1035 1270 1187 1311 τούτοις
1212 1268 1372 1309 ἀτέλεια
1390 1272 1468 1309 τῶν
1488 1268 1524 1321 γ’

192 1338 306 1388 ἱερῶν
325 1338 437 1377 ἐστιν
456 1335 658 1387 δεδομένη.
711 1337 775 1377 ἵνα
793 1335 826 1376 δ’
843 1336 963 1386 εἰδῆθ’
978 1337 1038 1376 ὅτι
1056 1339 1177 1376 ταῦτα
1195 1339 1333 1376 τοῦτον
1353 1335 1437 1388 ἔχει
1454 1335 1525 1376 τὸν

190 1404 351 1454 τρόπον,
378 1402 486 1452 λαβέ
509 1420 575 1453 μοι
601 1407 757 1455 πρῶτον
781 1405 853 1454 μὲν
876 1405 946 1453 τῆς
971 1401 1123 1453 στήλης
1147 1403 1411 1455 τάντίγραφα,
1440 1403 1525 1443 εἶτα

132 1486 171 1510 20
190 1469 261 1520 τὴν
286 1469 414 1524 ἀρχὴν
438 1473 507 1510 τοῦ
532 1470 654 1520 νόμου
678 1474 747 1510 τοῦ
771 1470 981 1511 Λεπτίνου.
1039 1469 1146 1522 λέγε.

640 1596 865 1623 ΑΝΤῙΓΡΑΦΑ
897 1596 1031 1624 ΣΤΗΛΗ
1038 1595 1071 1624 Σ.

257 1670 441 1712 Ἀκούετε
460 1675 538 1711 τῶν
554 1670 810 1723 ἀντιγράφων
827 1672 895 1720 τῆς
916 1669 1079 1721 στήλης,
1097 1667 1127 1709 ὦ
1146 1670 1283 1723 ἄνδρες
1301 1670 1518 1720 Ἀθηναῖοι,

188 1739 344 1780 ἀτελεῖς
368 1738 507 1780 αὐτοὺς
532 1738 631 1778 εἶναι
658 1738 901 1778 κελευόντων
927 1737 1033 1788 πλὴν
1060 1739 1186 1789 ἱερῶν.
1257 1736 1353 1790 λέγε
1379 1737 1425 1787 δὴ
1450 1736 1521 1787 τὴν

188 1804 315 1858 ἀρχὴν
341 1808 409 1846 τοῦ
434 1805 555 1856 νόμου
579 1807 647 1845 τοῦ
672 1805 881 1845 Λεπτίνου.

132 1934 167 1965 25
773 1929 931 1959 ΝΟΜΟΣ.

257 2007 412 2046 Καλῶς·
451 2003 629 2046 κατάθες.
700 2003 860 2056 γράψας
895 2004 1027 2045 ίὅπως
1063 2002 1111 2044 ἂν
1147 2005 1184 2044 οἱ
1223 2003 1518 2044 πλουσιώτατοι

188 2071 468 2127 λῃτουργῶσι,’
491 2074 501 2088 ‘
516 2070 650 2121 μηδέν’
678 2070 778 2111 εἶναι
793 2070 802 2085 ’
822 2070 1110 2123 προσέγραψεν
1138 2073 1146 2087 ‘
1163 2071 1284 2120 ἀτελῆ
1311 2069 1416 2119 πλὴν
1441 2073 1518 2110 τῶν

189 2138 259 2190 ἀφ’
284 2137 493 2190 Ἀρμοδίου
523 2139 585 2178 καὶ
611 2137 980 2190 Ἀριστογείτονοςῖ
1051 2138 1156 2179 τίνος
1184 2137 1310 2183 ἕνεκα,
1339 2138 1376 2177 εἴ
1402 2153 1446 2189 γε
1475 2137 1519 2177 τὸ

233 2258 251 2285 4
276 2247 360 2279 κατὰ
375 2245 455 2278 secl.
472 2245 564 2276 Weil
582 2245 656 2277 coll.
679 2249 694 2283 5
712 2255 755 2285 93
915 2255 948 2275 11
977 2245 1075 2285 ὄνομα
1092 2245 1172 2276 secl.
1193 2245 1289 2276 Blass
1306 2245 1382 2276 coll.
1401 2246 1458 2275 xxi
1477 2255 1519 2284 34

194 2299 230 2327 13
255 2291 360 2331 ἀρχὴν
375 2291 433 2321 τοῦ
450 2289 562 2329 νόμου]
581 2299 623 2319 an
641 2289 816 2320 scholion?
835 2288 1004 2327 (Dobree)
1023 2300 1030 2319 z
1053 2289 1227 2320 adsentior
1360 2299 1397 2328 17
1422 2291 1519 2321 τοῦτο

190 2334 297 2364 παθὼν
328 2343 432 2372 marg.
463 2332 617 2363 Lambini
633 2344 640 2363 z
676 2334 783 2364 παθὼν
810 2335 907 2364 τοῦτο
943 2332 1051 2363 Cobet
1227 2342 1268 2372 27
1305 2333 1407 2373 ἆςελῆ
1441 2337 1520 2372 post

190 2375 414 2418 προσέγραψεν
441 2376 464 2407 S
478 2376 504 2406 L
516 2376 546 2406 Y
559 2375 589 2407 O
604 2375 629 2406 P
646 2387 653 2406 z
683 2380 761 2406 ante
785 2377 1008 2417 προσέγραψεν
1031 2375 1120 2415 vulg.

1562 94 1680 149 [495]

1560 201 1676 257 [495]

1566 408 1630 442 126

1562 1014 1625 1049 127

1555 1676 1619 1710 128

1549 1920 1671 1975 [496]
