1737 2734
133 858 168 879 10

129 1526 168 1548 20

128 2195 168 2225 30

192 134 308 189 xxlv]
529 139 688 177 RATA
735 138 1185 177 ΤΙΜΟΚΡΑΤΟΎΣ

188 245 282 282 ὄντα
300 243 361 282 καὶ
379 244 501 284 οὕτως
517 244 701 296 αἰσχροῖς
721 244 917 283 ὀνείδεσιν
932 241 1221 295 περιβάλλοντ’
1239 244 1402 283 ἐκεῖνον.
1459 244 1522 282 καὶ

187 313 326 349 τοῦτον
351 312 423 359 μὲν
448 309 493 359 δὴ
521 311 658 360 ἐῶμεν,
682 308 907 359 Γλαυκέτην
933 311 974 349 δὲ
1001 309 1258 361 σκεψώμεθα.
1312 309 1388 363 οὐχ
1408 309 1521 351 οὗτός

189 377 300 416 ἐστιν
334 377 354 414 ὁ
386 380 540 427 πρῶτον
572 379 644 427 μὲν
675 378 729 418 εἰς
764 375 982 416 Δεκέλειαν
1017 375 1307 427 αὐτομολήσας,
1340 377 1522 417 κάκεῖθεν

189 443 412 494 ὁρμώμενος
433 442 633 483 καταθέων
654 444 715 483 καὶ
732 442 866 495 φέρων
887 443 948 482 καὶ
968 442 1076 495 ἄγων
1094 444 1213 493 ὑμᾶς;
1252 443 1358 483 ἀλλὰ
1378 443 1522 485 πάντες

189 511 274 549 ἴστε
294 513 429 549 ταῦτα.
492 510 552 550 καὶ
574 509 650 550 ἀπὸ
670 511 742 560 μὲν
762 513 838 549 τῶν
856 509 1055 561 ὑμετέρων
1075 511 1224 549 παίδων
1246 511 1308 550 καὶ
1328 514 1523 561 γυναικῶν

190 576 250 616 καὶ
266 580 343 616 τῶν
364 576 500 616 ἄλλων
519 576 733 629 χρημάτων
749 577 827 616 ὅσα
843 575 979 627 λάβοι,
998 575 1162 618 δεκάτας
1177 577 1261 617 ἐκεῖ
1273 577 1325 632 τῷ
1343 578 1522 634 ἁρμοστῇ

189 643 406 684 κατατιθεὶς
424 643 571 683 τούτων
587 645 775 695 ἀκριβῶς,
793 643 864 693 τὴν
881 642 923 683 δέ
938 642 975 695 γ’
992 643 1130 683 ἐνθάδε
1151 644 1254 689 θεόν,
1271 643 1523 695 πρεσβευτὴς

188 709 369 759 ἀξιωθεὶς
398 709 497 750 εἶναι
523 709 591 761 ὑφ’
617 711 735 760 ὑμῶν,
764 710 997 761 ἀποστερῶν
1022 711 1091 752 τὰς
1120 709 1198 750 ἀπὸ
1223 714 1301 750 τῶν
1326 709 1523 762 ὑμετέρων

188 776 391 826 πολεμίων
410 775 592 822 δεκάτας;
633 778 767 817 ἔπειτα
785 776 1001 826 ταμιεύσας
1025 777 1068 817 ἐν
1085 777 1299 828 ἀκροπόλει
1319 778 1523 829 τάριστεῖα

188 845 257 892 τῆς
288 844 443 885 πόλεως
471 843 496 883 ἃ
531 843 683 893 ἔλαβεν
717 843 795 884 ἀπὸ
827 847 905 883 τῶν
938 842 1159 895 βαρβάρων
1195 843 1447 899 ὑφῃρημένος
1479 842 1526 893 ἐξ

189 910 454 961 ἀκροπόλεως,
476 911 545 950 τόν
564 927 604 950 τε
632 911 772 962 δίφρον
797 909 866 950 τὸν
885 910 1134 961 ἀργυρόποδα
1160 910 1222 950 καὶ
1248 910 1315 950 τὸν
1335 909 1524 961 ἀκινάκην

188 975 258 1016 τὸν
284 977 524 1028 Μαρδονίου,
557 976 600 1019 ὃς
628 976 700 1029 ἦγε
728 977 977 1029 τριακοσίους
1006 977 1227 1029 δαρεικούς;
1266 978 1372 1017 ἀλλὰ
1401 977 1523 1018 ταῦτά

189 1042 226 1094 γ’
260 1044 359 1083 οὕτω
392 1046 591 1095 περιφανῆ
626 1045 738 1084 ἐστιν
771 1044 875 1083 ὥστε
912 1042 1062 1084 πάντας
1099 1043 1327 1096 ἀνθρώπους
1364 1043 1521 1085 εἰδέναι.

189 1110 296 1149 ἀλλὰ
321 1109 436 1149 τᾶλλ’
462 1110 506 1149 οὐ
535 1111 689 1161 βίαιος,·
729 1110 780 1152 ὡς
807 1111 934 1152 οὐδείς
959 1109 996 1162 γ’
1022 1110 1252 1162 ἀνθρώπων.
1323 1109 1408 1151 εἶτα
1432 1112 1519 1163 φεί-

190 1178 346 1216 σασθαί
374 1193 480 1218 τινος
513 1177 640 1217 αὐτῶν
672 1175 784 1227 ἄξιόν
813 1178 938 1222 ἐστιν,
968 1178 1073 1217 ὥστε
1106 1178 1169 1216 διὰ
1201 1177 1360 1219 τούτους
1391 1175 1414 1227 ἦ
1443 1181 1522 1218 τῶν

189 1245 361 1283 δεκατῶν
380 1247 458 1283 τῶν
477 1246 547 1293 τῆς
573 1247 662 1284 θεοῦ
688 1245 888 1294 ἀμελῆσαι
911 1240 934 1293 ἢ
960 1245 1029 1293 τῆς
1055 1245 1270 1285 διπλασίας
1295 1248 1374 1284 τῶν
1399 1245 1523 1285 ὁσίων

188 1309 416 1362 χρημάτων,
451 1307 474 1359 ἢ
507 1310 575 1350 τὸν
611 1311 773 1352 τούτους
808 1310 1053 1362 πειρώμενον
1090 1308 1227 1364 σῴζειν
1262 1310 1313 1360 μὴ
1350 1310 1519 1363 τιμωρή-

190 1380 361 1423 σασθαι;
400 1377 464 1416 καὶ
489 1378 530 1417 τί
552 1377 723 1418 κωλύσει
755 1376 933 1418 ἅπαντας
965 1377 1065 1417 εἶναι
1090 1377 1298 1428 πονηρούς,
1326 1375 1355 1418 ὦ
1384 1378 1522 1429 ἄνδρες

188 1443 383 1489 δικασταί,
412 1445 446 1483 εἷ
480 1445 542 1484 διὰ
575 1447 697 1483 ταῦτα
727 1443 851 1484 πλέον
882 1441 1062 1492 ἕξουσιν,·
1102 1444 1179 1496 ἐγὼ
1209 1446 1283 1494 μὲν
1310 1446 1386 1497 γὰρ
1414 1444 1522 1495 οἶμαι

187 1510 312 1551 οὐδέν.

255 1577 324 1627 Μὴ
358 1578 490 1617 τοίνυν
524 1577 632 1617 αὐτοὶ
665 1576 884 1623 διδάσκετε,
916 1578 1022 1618 ἀλλὰ
1053 1579 1303 1629 τιμωρεῖσθε.
1376 1577 1438 1617 καὶ
1468 1577 1521 1627 μὴ

189 1643 270 1684 ἐᾶτ’
313 1644 550 1695 ἀγανακτεῖν
592 1645 625 1684 εἰ
661 1643 898 1693 δεθήσονται
933 1645 1094 1697 ἔχοντες
1131 1646 1181 1684 τὰ
1219 1643 1387 1696 ὑμέτερα
1430 1644 1522 1684 ἀλλ’

188 1710 295 1762 ἄγετ’
334 1711 474 1752 αὐτοὺς
511 1710 586 1750 ὑπὸ
622 1710 712 1752 τοὺς
750 1711 906 1761 νόμους.
977 1710 1065 1751 οὐδὲ
1102 1712 1177 1763 γὰρ
1215 1712 1251 1751 οἱ
1286 1712 1357 1761 τῆς
1392 1708 1523 1760 ξενίας

189 1778 447 1828 ἁλισκόμενοι
476 1777 768 1829 ἀγανακτοῦσιν
793 1779 836 1818 ἐν
861 1778 913 1831 τῷ
936 1776 1118 1828 οἰκήματι
1142 1778 1266 1832 τούτῳ
1296 1779 1422 1824 ὄντες,
1450 1779 1522 1819 ἕως

151 1861 165 1891 ζ
189 1843 237 1884 ἂν
257 1847 333 1884 τῶν
353 1847 703 1896 ψευδομαρτυριῶν
724 1844 1013 1896 ἀγωνίσωνται,
1034 1845 1140 1884 ἀλλὰ
1159 1843 1349 1895 μένουσιν
1370 1846 1432 1884 καὶ
1453 1844 1522 1883 οὐκ

190 1912 339 1951 οἴονται
364 1913 445 1951 δεῖν
472 1912 665 1963 ἐγγυητὰς
692 1909 1014 1960 καταστήσαντες
1040 1910 1247 1963 περιιέναι.
1311 1909 1421 1961 ἔδοξε
1446 1911 1522 1962 γὰρ

188 1983 237 2033 τῇ
261 1978 379 2017 πόλει
409 1978 594 2018 ἀπιστεῖν
620 1977 765 2023 αὐτοῖς,
794 1978 857 2017 καὶ
882 1977 950 2017 οὐκ
982 1977 1079 2032 ᾤετο
1111 1980 1193 2018 δεῖν
1218 1980 1522 2029 διακρουσθῆναι

187 2046 257 2093 τῆς
274 2045 461 2095 τιμωρίας
481 2044 529 2084 δι’
550 2045 751 2096 ἐγγυητῶν
771 2043 1067 2090 καταστάσεως,
1089 2044 1180 2085 ἀλλ’
1201 2046 1369 2085 ἐνταῦθα
1387 2043 1522 2095 μένειν

188 2110 328 2153 αὐτοὺς
359 2110 403 2150 οὗ
436 2110 498 2150 καὶ
528 2110 649 2151 ἄλλοι
675 2111 820 2151 πολλοὶ
851 2114 928 2151 τῶν
953 2115 1140 2152 πολιτῶν.
1212 2112 1339 2152 καίτοι
1368 2112 1432 2152 καὶ
1456 2112 1522 2152 ἐπὶ

187 2176 391 2230 χρήμασιν
422 2177 494 2228 ἤδη
526 2179 630 2220 τινὲς
661 2176 857 2228 ἐδέθησαν
890 2178 952 2218 καὶ
985 2178 1050 2218 ἐπὶ
1081 2178 1275 2229 κρίσεσιν,
1302 2178 1393 2219 ἀλλ’
1417 2178 1522 2230 ὅμως

232 2295 252 2315 2
277 2286 423 2325 ἐάσωμεν
438 2286 469 2316 Α
482 2286 512 2316 Y
525 2285 555 2316 O
682 2296 701 2325 5
725 2289 830 2319 ταῦτα
847 2288 870 2319 S
884 2286 930 2317 F:
954 2287 1042 2319 ταῦθ’
1062 2287 1081 2319 ἃ
1098 2286 1187 2328 λέγω
1204 2287 1235 2318 Α
1247 2288 1276 2318 Υ
1289 2288 1320 2319 Ο
1411 2291 1428 2321 ὁ
1444 2294 1522 2320 ante

189 2330 250 2361 ἀπὸ
267 2330 343 2360 add.
364 2329 388 2360 S
401 2329 447 2360 F:
471 2340 537 2359 om.
557 2329 588 2360 A
601 2329 631 2360 Y
644 2329 673 2360 O
841 2340 878 2360 10
903 2331 922 2362 ἃ
938 2341 1001 2361 om.
1023 2330 1046 2361 S
1064 2331 1156 2361 solus
1269 2334 1302 2372 ἐξ
1319 2332 1521 2373 ἀκροπόλεως

188 2372 431 2447 secLSCbesstBl
520 2382 557 2411 14
583 2374 683 2406 οὐδείς
699 2371 732 2414 γ’
750 2373 803 2405 A:
827 2375 928 2406 οὐδεὶς
946 2374 969 2404 S
983 2373 1049 2404 FY
1063 2373 1093 2404 O
1224 2376 1263 2405 16
1286 2378 1351 2407 τῶν
1367 2380 1446 2406 ante
1463 2379 1521 2414 τῆ»-

188 2426 251 2446 orn.

1555 138 1670 192 [740]

1557 316 1621 351 128

1555 579 1659 633 [741]

1556 660 1622 695 129

1556 1126 1623 1162 130
