1737 2734
131 513 148 543 5

111 846 146 866 10

104 1513 142 1534 20

169 119 258 174 xx1]
591 123 752 161 ΚΑΤΑ
802 123 1074 162 ΜΕΙΔΙΟΤ

233 228 318 278 Τὴν
344 229 415 279 μὲν
440 226 671 279 ἀσέλγειαν,
699 225 728 267 ὦ
755 226 893 280 ἄνδρες
918 227 1112 274 δικασταί,
1138 227 1201 267 καὶ
1225 226 1296 277 τὴν
1318 228 1448 279 ὕβριν,
1475 226 1502 284 ᾗ

168 294 265 346 πρὸς
301 294 478 335 ἅπαντας
514 294 574 334 ἀεὶ
611 296 754 348 χρῆται
790 295 969 340 Μειδίας,
998 293 1123 334 οὐδέν’
1156 293 1237 334 οὔθ’
1270 295 1378 345 ὑμῶν
1410 295 1499 335 οὔτε

167 365 246 401 τῶν
276 361 412 401 ἄλλων
441 364 615 401 πολιτῶν
645 362 805 413 ἀγνοεῖν
836 363 980 412 οἴομαι.
1053 361 1131 413 ἐγὼ
1157 360 1203 407 δ’,
1229 361 1326 412 ὅπερ
1354 360 1403 401 ἂν
1438 362 1499 401 καὶ

167 429 275 477 ὑμῶν
300 429 468 469 ἕκαστος
493 428 701 479 ὑβρισθεὶς
728 429 935 479 προείλετο
961 426 1119 480 πρᾶξαι,
1146 431 1260 467 τοῦτο
1292 428 1354 468 καὶ
1381 428 1498 470 αὐτὸς

170 496 353 544 ἐποίησα,
383 494 445 534 καὶ
470 494 758 546 προύβαλόμην
785 495 934 535 ἀδικεῖν
963 498 1102 535 τοῦτον
1129 494 1217 546 περὶ
1247 494 1318 545 τὴν
1343 494 1496 547 ἑορτήν,

169 561 213 600 οὐ
245 562 369 611 μόνον
402 563 560 611 πληγὰς
589 560 655 601 ὑπ’
680 561 799 601 αὐτοῦ
828 563 972 611 λαβὼν
1001 565 1084 604 τοῖς
1116 562 1358 608 Διονυσίοις,
1391 563 1499 602 ἀλλὰ

169 629 231 667 καὶ
257 628 364 668 ἄλλα
388 630 522 668 πολλὰ
543 629 604 668 καὶ
628 628 746 679 βίαια
763 629 900 669 παθὼν
919 630 1024 680 παρὰ
1044 631 1179 669 πᾶσαν
1199 628 1270 679 τὴν
1288 630 1496 682 χορηγίαν.

166 695 302 745 ἐπειδὴ
328 697 370 734 δὲ
397 698 526 737 καλῶς
555 696 619 735 καὶ
650 697 700 736 τὰ
729 697 862 736 δίκαια
890 699 1013 735 ποιῶν
1040 696 1060 734 ὁ
1091 698 1214 746 δῆμος
1244 695 1346 738 ἅπας
1375 696 1497 738 οὕτως

167 762 344 813 ὠργίσθη
385 762 447 802 καὶ
485 760 719 813 παρωξύνθη
760 763 823 802 καὶ
862 761 1006 814 σφόδρ’
1045 763 1298 803 ἐσπούδασεν
1336 763 1402 814 ἐφ’
1441 763 1498 805 οἷς

167 828 386 882 ἠδικημένῳ
418 845 484 879 μοι
518 827 690 885 συνῄδει,
727 829 832 870 ὥστε
865 828 995 869 πάντα
1027 832 1233 872 ποιοῦντος
1262 829 1401 870 τούτου
1434 831 1501 870 καί

166 912 283 935 τινων
308 895 445 935 ἄλλων
476 896 574 946 ὑπὲρ
603 895 732 942 αὐτοῦ,
760 897 829 936 οὐκ
859 897 1025 945 ἐπείσθη
1057 895 1138 936 οὐδ’
1168 895 1408 948 ἀπέβλεψεν
1443 898 1498 938 εἰς

165 964 235 1003 τὰς
261 961 398 1004 οὐσίας
417 964 486 1004 τὰς
505 963 655 1003 τούτων
671 963 760 1003 οὐδὲ
776 964 845 1006 τὰς
869 961 1126 1016 ὑποσχέσεις,
1145 963 1252 1003 ἀλλὰ
1275 969 1345 1018 μιᾷ
1360 963 1496 1020 γνώμῃ

167 1030 546 1082 κατεχειροτόνησεν
579 1030 711 1076 αὐτοῦ,
738 1030 888 1070 πολλοί
919 1047 986 1080 μοι
1022 1030 1269 1081 προσιόντες,
1296 1028 1325 1070 ὦ
1358 1029 1498 1083 ἄνδρες

165 1097 363 1142 δικασταί,
400 1096 462 1136 καὶ
495 1100 573 1136 τῶν
599 1098 642 1137 ἐν
677 1097 730 1151 τῷ
757 1097 996 1151 δικαστηρίῳ
1027 1100 1098 1137 νῦν
1134 1098 1260 1137 ὄντων
1292 1097 1399 1148 ὑμῶν
1434 1097 1496 1137 καὶ

164 1166 242 1202 τῶν
275 1162 412 1203 ἄλλων
448 1166 626 1204 πολιτῶν
662 1162 799 1214 ἠξίουν
836 1163 897 1204 καὶ
933 1163 1232 1215 παρεκελεύοντ’
1266 1163 1496 1215 ἐπεξελθεῖν

166 1229 228 1269 καὶ
269 1232 510 1282 παραδοῦναι
550 1233 688 1270 τοῦτον
724 1231 780 1272 εἰς
815 1231 926 1281 ὑμᾶς,
965 1230 1016 1272 ὡς
1055 1232 1127 1281 μὲν
1165 1230 1251 1281 ἐμοὶ
1287 1234 1406 1276 δοκεῖ,
1445 1230 1496 1272 δι’

165 1296 372 1348 ἀμφότερ’,
412 1294 441 1336 ὦ
478 1296 616 1348 ἄνδρες
653 1296 870 1347 Ἀθηναῖοι,
909 1297 955 1347 νὴ
993 1297 1082 1339 τοὺς
1119 1298 1243 1342 θεούς,
1282 1298 1345 1338 καὶ
1387 1299 1496 1338 δεινὰ

164 1363 407 1403 πεπονθέναι
427 1364 653 1414 νομίζοντες
674 1366 742 1414 ἐμὲ
759 1365 820 1404 καὶ
841 1365 952 1414 δίκην
972 1363 1051 1415 ἅμα
1076 1368 1322 1415 βουλόμενοι
1346 1368 1495 1416 λαβεῖν

163 1430 217 1469 ὧν
245 1430 309 1470 ἐπὶ
333 1433 412 1470 τῶν
432 1430 569 1471 ἄλλων
596 1429 804 1471 ἐτεθέαντο
831 1431 982 1481 θρασὺν
1006 1432 1103 1471 ὄντα
1129 1432 1191 1471 καὶ
1216 1430 1416 1483 βδελυρὸν
1433 1432 1495 1472 καὶ

163 1496 253 1537 οὐδὲ
279 1496 469 1538 καθεκτὸν
495 1498 564 1538 ἔτι.
636 1498 734 1537 οὕτω
760 1499 801 1538 δὲ
819 1498 968 1538 τούτων
993 1498 1181 1550 ἐχόντων,
1204 1499 1282 1538 ὅσα
1305 1500 1380 1549 μὲν
1404 1497 1494 1550 παρ’

161 1565 258 1613 ἐμοῦ
289 1566 467 1616 προσῆκε
501 1567 770 1618 φυλαχθῆναι,
800 1563 930 1605 πάντα
963 1565 1120 1606 δικαίως
1150 1565 1241 1615 ὑμῖν
1272 1563 1491 1617 τετήρηται,

162 1631 225 1669 καὶ
243 1629 685 1683 κατηγορήσων,ε’πειδή
703 1648 762 1673 τις
779 1630 946 1683 εἰσάγει,
966 1630 1196 1683 πάρειμι,ὡς
1213 1632 1340 1683 ὁρᾶτε,
1359 1634 1493 1672 πολλὰ

161 1696 246 1745 μέν,
269 1694 298 1736 ὦ
324 1697 462 1748 ἄνδρες
479 1697 695 1748 Ἀθηναῖοι,
719 1698 915 1751 χρήματα,
935 1696 1025 1749 ἐξόν
1049 1715 1115 1749 μοι
1139 1701 1285 1749 λαβεῖν
1309 1699 1415 1739 ὥστε
1439 1699 1492 1750 μὴ

163 1768 410 1815 κατηγορεῖν,
438 1764 482 1804 οὐ
514 1765 670 1815 λαβών,
697 1766 854 1807 πολλὰς
879 1766 921 1805 δὲ
954 1763 1111 1815 δεήσεις
1137 1765 1198 1805 καὶ
1231 1764 1396 1818 χάριτας
1430 1766 1492 1806 καὶ

123 1846 138 1875 5
162 1829 206 1879 νὴ
241 1829 304 1870 Δί’
332 1831 499 1872 ἀπειλὰς
524 1833 751 1882 ὑπομείνας.
821 1833 845 1872 ἂ
879 1831 912 1872 δ’
940 1833 982 1872 ἐν
1014 1833 1105 1882 ὑμῖν
1135 1833 1234 1882 μετὰ
1266 1831 1376 1872 ταῦτ’
1403 1832 1491 1872 ἔσθ’

160 1897 374 1942 ὑπόλοιπα,
401 1898 483 1952 ὅσῳ
517 1899 703 1938 πλείοσιν
733 1898 845 1941 οὗτος
876 1898 1085 1952 ἠνώχληκε
1118 1899 1182 1939 καὶ
1213 1898 1489 1951 παρήγγελκεν

159 1962 308 2014 (ἑώρων
344 1965 419 2016 γὰρ
456 1964 574 2005 αὐτὸν
606 1964 693 2016 ἄρτι
729 1965 804 2017 πρὸ
839 1969 918 2005 τῶν
955 1966 1219 2017 δικαστηρίων
1252 1965 1301 2005 οἷ’
1336 1964 1487 2014 ἐποίει),

160 2030 336 2085 τοσούτῳ
361 2033 520 2081 μᾶλλον
539 2032 686 2081 ἐλπίζω
710 2031 756 2072 τὸ
781 2033 931 2072 δίκαιον
951 2031 1067 2083 ἕξειν.
1128 2032 1172 2072 οὐ
1197 2034 1271 2083 γὰρ
1297 2031 1346 2072 ἂν
1371 2048 1487 2073 κατα-

161 2097 297 2147 γνοίην
320 2098 429 2147 ὑμῶν
453 2097 611 2140 οὐδενὸς
636 2098 718 2138 οὗθ’
745 2098 796 2140 ὡς
820 2099 907 2150 περὶ
933 2099 988 2139 ὧν
1013 2098 1109 2151 πρὸς
1135 2098 1194 2149 ἔμ’
1220 2098 1488 2139 ἐσπουδάσατ’

192 2162 202 2176 Ἴ
263 2164 273 2176 Ι
375 2165 387 2178 Ι
511 2166 520 2178 5
619 2164 629 2177 Ι
801 2165 816 2179 V
846 2165 854 2179 ³
901 2165 910 2176 ⁹
983 2167 1000 2181 e!
1195 2166 1206 2178 Ι
1295 2166 1304 2178 Ί
1365 2168 1382 2176 Λ
1471 2164 1483 2179 Χ

101 2177 117 2206 9,
161 2179 282 2208 αυτοι,
317 2180 466 2204 τουτων
503 2170 738 2215 αμελησετε,
772 2168 842 2205 ουθ
892 2183 955 2211 ως,
985 2183 1047 2206 ινα
1084 2168 1250 2207 Μειδιας
1286 2167 1409 2207 αὸεως
1442 2182 1488 2205 το

160 2229 303 2269 λοιπὸν
327 2231 481 2287 ὑβρίζῃ,
503 2233 721 2282 ψηφιεῖταί
740 2248 798 2274 τις
822 2233 930 2283 ὑμῶν
954 2233 1166 2283 ὀμωμοκὼς
1191 2231 1294 2272 ἄλλο
1319 2249 1357 2272 τι
1382 2231 1488 2282 πλὴν

203 2347 222 2376 5
253 2341 370 2370 τοῦτον
398 2339 480 2371 SP:
516 2341 644 2372 τουτονὶ
676 2341 764 2379 vulg.
792 2341 874 2381 Pap.
902 2342 1002 2374 (Brit.
1031 2341 1117 2371 Mus.
1147 2341 1227 2381 Pap.
1253 2341 1353 2372 cxxxi
1382 2342 1486 2379 verso)

164 2390 199 2410 12
227 2383 290 2413 οὐδ’
315 2384 358 2414 εἰς
385 2382 464 2421 Pap.
599 2386 641 2413 26
665 2385 895 2425 παρήγγελκεν
921 2385 992 2423 FP,
1021 2385 1060 2415 cf.
1087 2385 1145 2414 xix
1174 2395 1201 2424 1,
1228 2385 1301 2423 283,
1328 2385 1486 2417 Prooem.

161 2424 191 2453 lv
215 2435 257 2454 2:
289 2425 529 2466 περιήγγελκεν
554 2426 577 2456 S
593 2427 619 2456 Α
633 2428 728 2458 YO:
759 2429 981 2469 παρήγγειλεν
1006 2428 1094 2467 vulg.
1258 2438 1301 2468 30
1332 2429 1486 2471 πρότερον

162 2472 236 2505 post
254 2469 344 2499 αὐτοὶ
362 2470 437 2500 add.
459 2470 546 2509 vulg.
563 2482 569 2502 ;
595 2482 659 2501 om.
681 2472 703 2501 S
717 2472 746 2501 A

1533 125 1638 179 [514]

1530 900 1632 955 [515]
