1737 2734
49 147 170 201 [626]

50 843 166 897 [627]

121 909 168 934 20

625 148 1109 187 ΔΗΜΟΣΘΕΝΟΎΣ
1404 143 1527 198 [xxm

200 255 334 298 λεσθε,
381 253 508 303 ὁρᾶτε,
550 254 613 292 ἵνα
655 255 769 292 τοῦτο
811 252 917 304 λέγω
961 255 1116 302 πρῶτον
1158 253 1259 302 ὑμῖν.
1331 253 1418 303 περὶ
1461 256 1529 293 τοῦ

199 320 427 371 παρανόμου
453 319 656 368 βούλεσθε
684 323 858 370 πρῶτον;
896 322 1010 358 τοῦτο
1040 319 1168 358 τοίνυν
1198 320 1371 370 ἐροῦμεν.
1431 320 1455 358 ἃ
1480 319 1526 368 δὴ

199 385 334 435 δέομαι
369 386 430 425 καὶ
465 384 560 435 ἀξιῶ
594 387 699 436 παρὰ
733 384 890 425 πάντων
923 386 1030 435 ὑμῶν
1063 389 1209 437 τυχεῖν,
1238 386 1379 431 δίκαια,
1405 386 1456 426 ὥς
1490 385 1527 436 γ’

197 453 364 500 ἐμαυτὸν
385 453 518 491 πείθω·
553 452 687 501 μηδεὶς
712 452 829 501 ὑμῶν,
852 449 881 491 ὦ
900 451 1038 502 ἄνδρες
1057 450 1273 501 Ἀθηναῖοι,
1295 455 1348 505 τῷ
1369 453 1525 503 διεψεῦ-

199 521 292 557 σθαι
316 521 384 557 rofi
410 517 638 569 Χαριδήμου
665 519 727 558 καὶ
751 519 923 568 νομίζειν
950 517 1158 569 εὐεργέτην
1185 517 1284 557 εἶναι
1310 521 1528 568 φιλονικῶν

197 583 514 637 δυσχερέστερον
550 584 640 625 τοὺς
677 584 766 635 περὶ
802 588 879 624 τῶν
915 585 1047 633 νόμων
1080 585 1224 635 λόγους
1258 583 1407 638 ἀκούσῃ
1440 601 1525 633 μου,

196 650 285 700 μηδ’
322 650 580 706 ἀποστερήσῃ
617 651 680 690 διὰ
717 654 829 690 τοῦτο
865 650 955 700 μήθ’
996 649 1134 690 ἑαυτὸν
1173 653 1240 689 τοῦ
1279 649 1420 690 θέσθαι
1456 650 1528 699 τὴν

196 719 340 768 ψῆφον
366 718 527 768 εὔορκον
550 716 639 767 μήτ’
667 719 734 767 ἐμὲ
765 720 832 756 τοῦ
862 716 1014 766 διδάξαι
1045 717 1132 767 περὶ
1164 715 1323 757 πάντων
1352 717 1451 766 ὑμᾶς
1476 716 1527 757 ὡς

197 783 408 833 βούλομαι.
481 784 586 823 ἀλλὰ
620 782 857 832 ποιησάσθω
889 783 961 832 τὴν
995 783 1185 833 ἀκρόασιν
1219 782 1300 822 ὡδί·
1340 782 1401 821 καὶ
1431 800 1524 822 σκο·

198 849 329 889 πεῖσθ’
347 850 397 891 ὡς
417 849 532 890 δίκαι’
549 851 636 900 ἐρῶ·
664 852 757 889 ὅταν
777 853 848 900 μὲν
867 849 973 901 λέγω
995 851 1082 900 περὶ
1102 853 1179 889 τῶν
1202 850 1344 899 νόμων,
1363 849 1527 900 ἀφελὼν

197 917 273 970 ὅτῳ
304 916 348 956 τὸ
373 915 557 968 ψήφισμ’
585 918 734 969 εἴρηται
765 917 826 956 καὶ
856 917 954 969 ποίῳ
984 917 1074 962 τινί,
1103 916 1330 955 σκοπείσθω
1361 916 1527 966 πότερον

197 984 301 1034 παρὰ
334 983 424 1024 τοὺς
457 983 598 1033 νόμους
632 979 654 1032 ἦ
690 983 773 1022 κατ’
799 982 937 1023 αὐτοὺς
969 984 1129 1032 εἴρηται,
1160 983 1221 1021 καὶ
1256 984 1377 1032 μηδὲν
1410 981 1525 1021 ἄλλο·

196 1050 293 1089 ὅταν
326 1048 358 1089 δ’
390 1049 545 1101 ἐλέγχω
580 1051 626 1088 τὰ
660 1049 917 1100 πεπραγμένα
951 1050 1014 1088 καὶ
1045 1049 1172 1098 διεξίω
1203 1048 1273 1088 τὸν
1306 1049 1452 1099 τρόπον
1482 1047 1526 1088 ὃν

196 1115 457 1168 πεφενάκισθ’
494 1116 558 1156 ὑπ’
599 1116 727 1162 αὐτοῦ,
769 1118 837 1156 τὰς
876 1115 1036 1165 πράξεις
1076 1117 1319 1160 σκοπείσθω,
1361 1115 1526 1166 πότερον

196 1183 403 1234 γεγονυίας
435 1179 458 1232 ἦ
491 1185 651 1234 ψευδεῖς
686 1184 772 1234 ἐρῶ·
816 1183 911 1221 ὅταν
946 1182 976 1220 δ’
1003 1181 1169 1232 ἐξετάζω
1204 1181 1291 1231 περὶ
1324 1184 1392 1220 τοῦ
1426 1197 1522 1230 συμ-

197 1248 334 1301 φέρειν
354 1246 377 1298 ἦ
397 1249 448 1299 μὴ
476 1255 523 1305 τῇ
548 1250 662 1289 πόλει
683 1252 803 1288 ταῦτα
823 1249 1102 1300 ψηφίσασθαι,
1125 1247 1254 1287 πάντα
1273 1246 1389 1286 τᾶλλ’
1411 1247 1526 1298 ἀφεὶς

196 1315 286 1357 τοὺς
327 1316 546 1367 λογισμοὺς
596 1315 720 1366 ὁράτω
762 1315 851 1356 τοὺς
893 1314 981 1366 περὶ
1023 1315 1184 1360 τούτων,
1230 1313 1361 1364 πότερ’
1404 1315 1527 1364 ὀρθῶς

196 1382 363 1436 ἔχοντας
384 1386 567 1433 ποιοῦμαι
592 1379 614 1431 ἦ
641 1382 698 1422 οὔ.
760 1383 829 1422 ἐὰν
854 1384 928 1433 γὰρ
949 1384 1088 1420 τοῦτον
1113 1381 1272 1433 ἔχοντες
1292 1379 1359 1419 τὸν
1380 1381 1526 1431 τρόπον

195 1448 451 1500 ἀκροάσησθέ
491 1466 578 1499 μου,
623 1449 734 1489 αὐτοί
773 1448 806 1487 τ’
848 1447 977 1500 ἄρισθ’
1018 1448 1042 1487 ἃ
1081 1446 1272 1498 προσήκει
1316 1445 1524 1495 συνήσετε,

195 1517 316 1569 χωρὶς
349 1516 500 1556 ἕκαστα
530 1519 772 1556 σκοποῦντες
802 1516 864 1555 καὶ
895 1515 968 1567 οὐχ
1003 1514 1083 1564 ἅμα
1117 1513 1232 1554 πάνθ’
1258 1512 1365 1564 ἁθρό’
1391 1512 1522 1562 ἐξετά-

197 1583 338 1632 ζοντες,
364 1583 469 1633 κάγὼ
487 1582 604 1637 ῥᾷσθ’
625 1583 648 1621 ’ὰ
673 1583 874 1632 βούλομαι
901 1580 1119 1631 δυνήσομαι
1140 1579 1304 1629 διδάξαι.
1366 1578 1528 1619 ἔσονται

194 1651 234 1689 δὲ
261 1652 430 1702 βραχεῖς
455 1651 543 1700 περὶ
569 1648 728 1689 πάντων
754 1651 790 1689 οἱ
816 1649 943 1700 λόγοι·

263 1718 375 1767 Λαβὲ
414 1715 459 1765 δὴ
499 1715 587 1757 τοὺς
623 1716 765 1766 νόμους
801 1715 939 1756 αὐτοὺς
979 1714 1041 1754 καὶ
1079 1713 1188 1765 λέγε,
1231 1712 1278 1753 ἵν’
1320 1711 1365 1762 εξ
1401 1711 1528 1752 αὐτῶν

195 1783 424 1823 ἐπιδεικνύω
450 1783 599 1823 τούτων
624 1782 668 1822 τὸ
694 1781 938 1834 παράνομον.

239 1901 258 1920 2
282 1890 480 1931 παρανόμου]
501 1890 632 1929 νομίμου
650 1889 755 1920 schol.
778 1900 808 1928 p.
830 1890 901 1928 708.
923 1899 963 1927 25
1130 1899 1150 1927 3
1175 1902 1210 1920 τε
1230 1893 1304 1928 post
1323 1887 1430 1926 δέομαι
1448 1888 1523 1918 add.

196 1935 308 1973 vulg.:
341 1944 408 1965 om.
435 1934 458 1964 S
484 1934 586 1971 solus,
614 1933 654 1964 cs.
683 1934 761 1963 xviii
787 1935 807 1962 6
895 1933 927 1973 γ’
953 1931 1074 1968 SYO,
1100 1932 1139 1963 cs.
1168 1932 1248 1961 xxiv
1272 1934 1311 1962 6:
1345 1942 1408 1961 om.
1434 1931 1522 1970 vulg.

195 1987 214 2016 5
248 1977 386 2016 νομίζειν
410 1977 488 2007 secl.
516 1977 619 2016 Weil,
648 1977 724 2007 sort.
752 1982 844 2006 recte
988 1978 1009 2005 6
1040 1976 1161 2017 ἀκούσῃ
1186 1989 1244 2013 μου
1271 1974 1405 2005 SYO:
1437 1975 1526 2012 ἡμῶν

196 2022 317 2063 ἀκούσῃ
342 2020 457 2058 vulg:
490 2020 612 2062 ἀκούσῃ
640 2021 843 2059 Rosenberg
994 2028 1026 2048 11
1063 2019 1245 2050 σκοπείσθω
1272 2018 1360 2048 5Υ;
1393 2019 1526 2049 σκοπεῖν

197 2064 287 2103 vulg.
445 2073 544 2093 1142
579 2064 760 2095 σκοπείσθω
786 2087 793 2093 .
813 2088 818 2093 .
839 2086 846 2094 .
876 2064 997 2103 εἴρηται
1024 2062 1109 2093 SY:
1143 2062 1323 2093 σκοπείσθω
1347 2066 1379 2091 et
1405 2063 1525 2101 εἴρηται

196 2108 276 2138 secl.
300 2107 524 2146 Rosenberg:
557 2109 626 2147 περὶ
650 2109 708 2138 τοῦ
731 2106 868 2146 (πότερα
891 2106 965 2136 add.
985 2105 1032 2145 Α)
1058 2106 1142 2146 παρὰ
1165 2105 1238 2137 τοὺς
1264 2104 1376 2143 νόμους
1400 2105 1419 2142 ἢ
1444 2105 1527 2134 κατὰ

196 2152 269 2182 τοὺς
302 2150 414 2189 νόμους
449 2153 571 2191 εἴρηται
603 2150 784 2182 σκοπείσθω
812 2149 915 2179 AFS
943 2162 994 2189 Ὑρ.
1176 2158 1214 2186 19
1249 2147 1449 2188 ἀκροάσησθε
1479 2147 1525 2177 S:

197 2195 353 2234 ἀκροᾶσθε
387 2198 465 2223 cett.
607 2194 706 2233 ἄρισθ’
739 2216 746 2223 .
779 2216 785 2222 .
820 2217 826 2223 .
860 2191 1039 2230 συνήσετε]
1072 2193 1178 2226 ὁᾶστα
1210 2215 1215 2221 .
1253 2215 1258 2221 .
1294 2216 1299 2221 ,
1335 2191 1461 2222 συνίετε
1495 2190 1526 2220 Α

199 2248 240 2268 20
265 2238 403 2269 ἕκαστον
421 2236 489 2267 AF
507 2246 594 2268 corr.

1551 867 1589 889 10

1549 1529 1588 1550 20
