1737 2734
174 123 262 177 xm]
595 128 757 165 ΚΑΤΑ
807 127 1078 165 ΜΕῙΔΙΟΎ
1533 127 1652 181 [569]

172 231 253 272 οὐδ’
277 231 326 272 ἂν
351 231 590 285 ἠνέσχεσθε,
612 233 645 272 εἰ
671 231 935 284 προσέγραψέ
959 249 1018 273 τις
1036 233 1078 272 ἐν
1097 237 1144 289 τῇ
1170 230 1300 287 στήλῃ
1328 233 1338 248 ‘
1354 230 1501 282 ἐξεῖναι

171 301 211 338 δὲ
240 299 302 339 καὶ
331 299 507 351 ὑβρίζειν
538 299 668 340 αὐτοῖς
698 298 743 339 ὃν
773 298 821 339 ἂν
850 298 1105 349 βούλωνται·’
1141 299 1239 350 ὑπὲρ
1273 300 1348 351 γὰρ
1383 298 1501 338 αὐτοῦ

170 366 308 405 τούτου
350 367 420 407 τὰς
462 365 588 408 ἄλλας
631 367 784 417 ἔλαβον
825 366 998 417 δωρειάς,
1038 367 1098 406 ὅτι
1140 365 1229 407 τοὺς
1265 365 1500 417 ὑβρίζοντας

171 432 363 474 ἔπαυσαν.

132 518 149 548 5
229 497 325 539 ’Ότι
342 501 474 539 τοίνυν
495 499 557 539 καὶ
575 500 804 550 κεκόμισται
822 499 952 552 χάριν,
971 497 999 539 ὦ
1019 499 1158 552 ἄνδρες
1173 499 1390 549 Ἀθηναῖοι,
1409 498 1499 552 παρ’
1534 512 1593 547 171

170 567 290 616 ὑμῶν,
317 567 361 606 οὐ
392 567 515 617 μόνον
547 568 600 606 ῶν
633 567 749 608 αὐτὸς
781 567 1073 622 λελῃτούργηκε
1105 570 1350 623 λῃτουργιῶν
1384 565 1499 617 ἀξίαν

169 632 302 685 (μικρὰ
334 635 409 685 γὰρ
435 635 530 684 αὕτη
565 633 612 685 γέ
647 650 705 675 τις
740 632 814 683 ἦν),
842 634 948 674 ἀλλὰ
987 634 1049 673 καὶ
1084 637 1162 673 τῶν
1193 635 1409 685 μεγίστων,
1438 633 1498 672 καὶ
1530 633 1642 687 [570]

171 703 285 740 τοῦτο
326 701 527 751 βούλομαι
568 699 703 751 δεῖξαι,
742 701 807 740 ἵνα
845 700 933 751 μηδ’
969 702 1151 753 ὀφείλειν
1191 699 1330 750 οἴησθέ
1367 717 1405 740 τι
1445 703 1497 753 τῷ

173 766 433 821 καταπτύστῳ
452 768 590 821 τούτῳ.
655 768 763 817 ὑμεῖς
787 766 875 819 γάρ,
897 765 927 807 ὦ
951 767 1088 818 ἄνδρες
1108 767 1323 817 Ἀθηναῖοι,
1346 767 1495 820 ἐχειρο-

114 849 152 870 10
171 832 366 883 τονήσατε
399 838 536 874 τοῦτον
572 836 640 884 τῆς
677 833 866 884 Παράλου
899 835 1053 885 ταμίαν,
1080 835 1175 874 ὄντα
1206 837 1385 874 τοιοῦτον
1418 833 1499 874 οἶός

172 901 272 946 ἐστι,
310 901 372 940 καὶ
408 900 531 941 πάλιν
567 901 780 953 ἵππαρχον,
815 901 1000 953 ὀχεῖσθαι
1036 901 1099 940 διὰ
1132 902 1201 950 τῆς
1234 901 1381 953 ἀγορᾶς
1413 904 1499 942 ταῖς

173 971 346 1018 πομπαῖς
372 967 418 1007 οὐ
441 967 670 1018 δυνάμενον,
699 968 761 1007 καὶ
789 967 1015 1019 μυστηρίων
1040 966 1281 1018 ἐπιμελητὴν
1308 967 1370 1007 καὶ
1396 968 1496 1019 ἱερο-

172 1034 287 1074 ποιόν
313 1051 407 1074 ποτε
434 1035 497 1074 καὶ
522 1035 696 1085 βοώνην,
725 1035 787 1074 καὶ
811 1035 859 1073 τὰ
884 1038 1043 1074 τοιαῦτα
1068 1033 1127 1084 δή.
1191 1034 1275 1074 εἶτα
1300 1033 1397 1085 πρὸς
1421 1037 1499 1074 τῶν
1533 1049 1597 1085 172

173 1103 274 1141 θεῶν
297 1101 342 1141 τὸ
368 1101 438 1151 τὴν
462 1103 531 1151 τῆς
557 1102 717 1154 φύσεως
744 1101 880 1141 κακίαν
901 1100 962 1141 καὶ
987 1101 1199 1153 ἀνανδρίαν
1227 1101 1288 1140 καὶ
1308 1102 1499 1152 πονηρίαν

114 1186 150 1217 15
171 1171 256 1209 ταῖς
289 1167 379 1220 παρ’
410 1169 517 1219 ὑμῶν
553 1168 694 1221 ἀρχαῖς
730 1168 792 1208 καὶ
824 1172 953 1218 τιμαῖς
986 1168 1048 1208 καὶ
1084 1169 1344 1221 χειροτονίαις
1377 1169 1497 1208 ἐπαν-

172 1237 387 1286 ορθοῦσθαι
423 1236 565 1286 μικρὰν
598 1234 897 1286 ὑπολαμβάνετ’
932 1234 1032 1275 εῖναι
1065 1236 1231 1288 δωρειὰν
1265 1236 1327 1275 καὶ
1360 1233 1496 1287 χάριν;

174 1301 237 1341 καὶ
255 1301 332 1353 μὴν
348 1303 455 1344 εἴτις
473 1301 591 1342 αὐτοῦ
606 1301 713 1342 ταῦτ’
729 1300 923 1354 ἀφέλοιτο
941 1304 950 1319 ‘
965 1301 1207 1355 ἱππάρχηκα,
1225 1304 1293 1352 τῆς
1309 1300 1500 1350 Παράλου

171 1370 312 1420 ταμίας
340 1367 514 1421 γέγονα,’
543 1369 649 1410 τίνος
677 1369 761 1409 ἔστ’
786 1368 893 1419 ἄξιος
924 1369 1055 1415 οὗτος;
1095 1370 1202 1409 ἀλλὰ
1233 1368 1310 1420 μὴν
1345 1369 1502 1409 κάκεῖνό
1535 1382 1598 1418 173

172 1434 208 1487 γ’
241 1437 474 1485 ἐπίστασθε,
501 1437 562 1476 ὅτι
597 1438 666 1485 τῆς
697 1437 770 1487 μὲν
803 1435 995 1488 Παράλου
1026 1436 1240 1487 ταμιεύσας
1275 1436 1501 1485 Κυζικηνῶν

115 1520 154 1541 20
171 1502 328 1555 ἥρπασε
358 1506 474 1543 πλεῖν
504 1499 527 1553 ἢ
559 1502 676 1543 πέντε
701 1502 888 1549 τάλαντα,
915 1504 1013 1555 ὑπὲρ
1042 1504 1096 1543 ὧν
1121 1504 1185 1543 ἵνα
1209 1502 1260 1553 μὴ
1291 1506 1343 1557 δῷ
1374 1503 1498 1552 δίκην,

173 1569 301 1611 πάντα
325 1571 473 1622 τρόπον
493 1573 695 1622 περιωθῶν
723 1570 784 1610 καὶ
803 1569 981 1610 ἐλαύνων
1006 1570 1095 1612 τοὺς
1115 1570 1344 1622 ἀνθρώπους
1371 1569 1432 1609 καὶ
1451 1570 1500 1609 τὰ

173 1637 364 1688 σύμβολα
384 1636 569 1690 συγχέων
587 1637 659 1686 τὴν
677 1639 750 1687 μὲν
770 1637 888 1677 πόλιν
905 1638 1052 1689 ἐχθρὰν
1071 1642 1117 1694 τῇ
1134 1637 1250 1677 πόλει
1271 1637 1498 1687 πεποίηκεν,

173 1704 221 1744 τὰ
246 1703 428 1756 χρήματα
453 1703 484 1743 δ’
504 1703 621 1745 αὐτὸς
639 1703 736 1756 ἔχει·
774 1705 973 1756 ἵππαρχος
998 1706 1039 1744 δὲ
1065 1705 1355 1757 χειροτονηθεὶς
1380 1703 1498 1743 λελύ-

171 1788 315 1822 μανται
347 1771 391 1810 τὸ
421 1770 580 1811 ἱππικὸν
612 1772 733 1821 ὑμῶν,
761 1771 959 1812 τοιούτους
989 1771 1069 1812 θεὶς
1106 1771 1248 1821 νόμους
1279 1770 1345 1812 οὓς
1379 1770 1500 1810 πάλιν

115 1857 151 1888 25
172 1837 286 1879 αὐτὸς
325 1837 486 1889 ἔξαρνος
523 1836 568 1887 ἦν
606 1836 658 1888 μὴ
701 1836 928 1877 τεθεικέναι.
1001 1837 1063 1878 καὶ
1097 1840 1166 1887 τῆς
1197 1840 1269 1888 μὲν
1308 1836 1500 1888 Παράλου
1533 1850 1599 1885 174

171 1904 365 1955 ταμιεύων
395 1904 497 1950 τότε,
529 1905 594 1944 ὅτε
623 1903 693 1954 τὴν
725 1905 788 1945 ἐπὶ
822 1905 1030 1955 Θηβαίους
1062 1903 1198 1955 ἔξοδον
1231 1905 1286 1946 εἷς
1321 1904 1499 1954 Εὔβοιαν

172 1971 365 2012 ἐποιεῖσθ’
408 1972 527 2022 ὑμεῖς,
568 1971 717 2011 δώδεκα
758 1973 827 2020 τῆς
865 1972 1019 2012 πόλεως
1061 1970 1221 2011 τάλαντ’
1264 1971 1498 2011 ἀναλίσκειν

171 2038 345 2091 ταχθείς,
364 2037 578 2088 ἀξιούντων
603 2039 710 2088 ὑμῶν
735 2042 852 2078 πλεῖν
878 2038 939 2078 καὶ
964 2037 1239 2090 παραπέμπειν
1263 2037 1353 2079 τοὺς
1379 2053 1497 2089 στρα-

171 2105 312 2147 τιώτας
342 2106 411 2146 οὐκ
444 2104 682 2155 ἐβοήθησεν,
710 2104 803 2145 ἀλλ’
834 2104 906 2155 ἤδη
939 2109 1017 2145 τῶν
1050 2107 1234 2145 σπονδῶν
1265 2107 1493 2156 γεγονυιῶν,

111 2190 152 2220 30
171 2172 217 2214 ἃς
251 2175 425 2222 Διοκλῆς
462 2173 681 2212 ἐσπείσατο
716 2172 929 2222 Θηβαίοις,
957 2171 1063 2222 ἧκεν.
1136 2172 1196 2211 καὶ
1238 2170 1320 2210 τόθ’
1354 2171 1497 2221 ἡττᾶτο

215 2292 231 2320 7
255 2282 331 2324 γὰρ]
352 2283 414 2324 γὰρ
431 2283 469 2314 ἂν
487 2282 595 2312 Cobet
612 2282 814 2320 (praeeunte
834 2280 991 2319 Reiskio)
1007 2292 1013 2310 :
1039 2280 1072 2321 ’γ’
1091 2281 1130 2312 ἂν
1145 2280 1236 2310 Weil
1356 2279 1396 2317 ἧν
1412 2279 1494 2310 secl.

172 2325 269 2355 Blass
422 2336 443 2364 9
473 2328 589 2356 τοῦτον
615 2324 885 2365 ἐχειροτονήσατε
909 2323 940 2353 Α
1104 2325 1142 2353 18
1175 2324 1243 2355 ἔστ’
1269 2324 1351 2364 ἄξιος
1377 2323 1498 2354 Blass:

171 2370 254 2409 ἄξιός
273 2371 364 2400 ἐστιν
380 2368 410 2398 Α
426 2380 432 2399 :
458 2370 561 2400 ἄλλον
578 2368 647 2399 ἔστ’
667 2369 749 2408 ἄξιος
767 2368 791 2398 S
806 2380 811 2398 ι
839 2366 908 2398 ἔστ’
926 2368 1030 2399 ἄλλον
1047 2368 1130 2408 ἄξιος
1151 2367 1175 2397 F
1337 2376 1379 2397 20
1403 2368 1500 2399 πλεῖν

173 2412 335 2442 Dindorf:
360 2414 475 2443 πλεῖον
491 2411 586 2442 codd.
