1737 2734
147 853 210 886 108

90 1047 212 1102 [490]

147 1196 211 1231 109

144 1862 208 1888 110

670 145 1153 184 ΔΗΜΟΣΘΕΝΟΎΣ
1501 140 1569 194 [xx

245 251 366 300 τιμαί,
405 250 449 291 ἃς
487 248 687 300 ἀπεύξαιτ’
723 248 770 288 ἂν
806 248 908 290 ἅπας
945 249 964 287 ὁ
1002 250 1122 298 δῆμος
1155 250 1339 289 ἐνταυθοῖ
1369 248 1568 300 γενέσθαι.

245 317 347 357 τίνες
372 315 440 356 οὖν
475 317 577 356 εἰσιν
611 315 742 360 asama,-
780 317 849 356 τὰς
872 317 944 365 μὲν
971 314 1055 354 καθ’
1082 315 1251 355 ἕκαστον
1275 314 1394 361 ἐάσω,
1422 316 1515 366 μίαν
1539 316 1572 356 δ’

244 381 267 432 ἢ
294 385 562 431 συλλαβοῦσα
585 384 655 423 τὰς
679 381 806 423 ἄλλας
829 381 926 434 ἔχει,
954 382 1084 431 δίειμι.
1157 381 1316 422 ἐπειδάν
1339 398 1396 423 τις
1422 383 1477 424 εἰς
1501 382 1572 432 τὴν

245 449 491 498 καλουμένην
524 450 736 500 γερουσίαν
769 449 929 504 ἐγκριθῇ
962 448 1182 501 παρασχὼν
1215 448 1331 488 αὑτὸν
1365 449 1448 488 οἷον
1480 448 1570 501 χρή,

244 516 440 564 δεσπότης
467 516 552 554 ἐστὶ
578 519 655 554 τῶν
681 518 855 555 πολλῶν.
925 516 1008 554 ἐκεῖ
1029 516 1101 564 μὲν
1126 514 1199 566 γάρ
1226 516 1314 554 ἐστι
1338 517 1406 564 τῆς
1432 515 1572 565 ἀρετῆς
1592 533 1609 564 5

243 582 369 621 ἆθλον
394 584 463 631 τῆς
489 583 692 623 πολιτείας
713 582 826 635 κυρίῳ
854 580 1040 632 γενέσθαι
1064 583 1161 631 μετὰ
1185 584 1263 621 τῶν
1288 581 1445 631 ὁμοίων,
1467 584 1572 633 παρὰ

243 647 274 687 δ’
300 648 391 697 ἡμῖν
416 649 558 697 ταύτης
586 650 659 697 μὲν
689 649 709 687 ὁ
738 650 858 697 δῆμος
890 648 1029 699 κύριος,
1061 647 1120 687 καὶ
1154 648 1244 699 ἀραὶ
1275 648 1337 687 καὶ
1367 649 1479 698 νόμοι
1510 648 1572 688 καὶ

243 715 420 766 φυλακαὶ
446 716 551 756 ὅπως
575 715 711 764 μηδεὶς
747 714 870 756 ἄλλος
902 715 1030 764 κύριος
1056 713 1281 765 γενήσεται,
1309 713 1505 766 στέφανοι
1529 717 1571 754 δὲ

244 781 305 820 καὶ
331 780 507 821 ἀτέλειαι
533 783 595 821 καὶ
622 780 800 830 σιτήσεις
828 781 889 820 καὶ
914 780 1059 820 τοιαῦτ’
1087 781 1211 826 ἐστίν,
1238 781 1293 820 ὧν
1319 780 1366 820 ἄν
1390 797 1448 822 τις
1473 780 1570 832 ἀνὴρ

242 847 390 899 ἀγαθὸς
416 847 469 887 ὣν
494 848 619 901 τύχοι.
681 848 742 887 καὶ
761 847 865 887 ταῦτ’
887 846 1079 899 ἀμφότερ’
1106 848 1229 898 ὀρθῶς
1255 848 1351 900 ἔχει,
1375 848 1437 887 καὶ
1461 848 1573 888 τάκεῖ
1594 862 1631 885 ιο

243 915 305 954 καὶ
338 916 386 953 τὰ
425 914 513 965 παρ’
547 915 649 965 ἡμῖν.
726 916 790 954 διὰ
823 916 878 960 τί;
919 915 979 954 ὅτι
1011 915 1080 955 τὰς
1112 915 1184 963 μὲν
1217 916 1280 953 διὰ
1313 917 1391 954 τῶν
1421 914 1570 965 ὀλίγων

243 982 446 1022 πολιτείας
476 980 520 1020 τὸ
546 981 694 1023 πάντας
726 982 832 1034 ἔχειν
863 983 952 1021 ’ίσον
981 979 1175 1030 ἀλλήλοις
1205 980 1294 1023 τοὺς
1323 984 1400 1020 τῶν
1431 984 1569 1022 κοινῶν

244 1048 396 1099 κυρίους
423 1048 601 1097 ὁμονοεῖν
627 1052 743 1093 ποιεῖ,
769 1047 840 1096 τὴν
865 1050 907 1088 δὲ
931 1051 1010 1087 τῶν
1037 1046 1168 1098 δήμων
1195 1048 1420 1099 ἐλευθερίαν
1443 1047 1465 1097 ἡ
1492 1051 1570 1087 τῶν

243 1115 403 1165 ἀγαθῶν
423 1115 575 1166 ἀνδρῶν
595 1114 758 1165 ἅμιλλα,
778 1113 826 1164 ἣν
846 1115 910 1154 ἐπὶ
930 1118 1015 1156 ταῖς
1034 1116 1139 1165 παρὰ
1159 1117 1226 1154 τοῦ
1252 1113 1372 1165 δήμου
1392 1116 1569 1166 δωρειαῖς

243 1181 340 1232 πρὸς
359 1181 499 1223 αὑτοὺς
519 1184 734 1228 ποιοῦνται,
758 1180 964 1233 φυλάττει.
1027 1182 1088 1221 καὶ
1106 1180 1184 1231 μὴν
1204 1182 1291 1232 περὶ
1310 1184 1378 1220 τοῦ
1402 1197 1447 1232 γε
1472 1183 1569 1231 μηδὲ
1593 1197 1628 1228 ¹5

243 1249 452 1298 Θηβαίους
471 1248 620 1298 μηδένα
638 1251 766 1298 τιμᾶν,
787 1247 902 1288 ἐκεῖν’
922 1247 970 1288 ἂν
989 1248 1098 1301 ἔχειν
1118 1249 1242 1288 εἰπεῖν
1262 1248 1406 1297 ἀληθὲς
1427 1249 1568 1298 οἴομαι.

240 1315 387 1364 μεῖζον,
415 1313 444 1354 ὦ
470 1314 607 1366 ἄνδρες
631 1314 848 1365 Ἀθηναῖοι,
876 1317 1055 1365 Θηβαῖοι
1075 1318 1292 1366 φρονοῦσιν
1318 1314 1378 1354 ἐπ’
1398 1314 1569 1364 ὠμότητι

241 1381 305 1421 καὶ
330 1383 497 1435 πονηρίᾳ
522 1379 544 1430 ἢ
570 1383 680 1431 ὑμεῖς
705 1382 770 1422 ἐπὶ
791 1382 1072 1435 φιλανθρωπίᾳ
1093 1382 1154 1421 καὶ
1179 1385 1231 1436 τῷ
1251 1383 1298 1420 τὰ
1317 1382 1445 1421 δίκαια
1470 1382 1566 1431 βού-

239 1451 397 1489 λεσθαι.
469 1447 557 1499 μήτ’
582 1448 651 1489 οὖν
677 1450 823 1489 ἐκεῖνοί
850 1465 945 1488 ποτε
972 1448 1207 1494 παύσαιντο,
1235 1449 1268 1488 εἰ
1292 1447 1352 1498 ἄρ’
1379 1446 1569 1497 εὔξασθαι

241 1517 311 1560 δεῖ,
342 1515 432 1556 τοὺς
463 1517 535 1565 μὲν
568 1515 728 1556 ἑαυτοὺς
758 1516 908 1567 ἀγαθόν
940 1532 978 1555 τι
1010 1519 1219 1556 ποιοῦντας
1250 1514 1347 1565 μήτε
1379 1519 1569 1565 τιμῶντες
1590 1530 1629 1552 20

240 1580 337 1631 μήτε
371 1581 647 1633 θαυμάζοντες,
678 1583 769 1624 τοὺς
799 1584 840 1622 δὲ
875 1586 1083 1634 συγγενεῖς
1111 1581 1213 1632 (ἴστε
1243 1584 1317 1633 γὰρ
1349 1581 1394 1622 ὃν
1422 1583 1568 1634 τρόπον

239 1647 486 1702 Ὀρχομενὸν
528 1647 730 1700 διέθηκαν)
769 1650 869 1689 οὕτω
911 1649 1286 1702 μεταχειριζόμενοι,
1327 1647 1417 1699 μήθ’
1459 1649 1567 1698 ὑμεῖς

239 1715 427 1756 τάναντία
467 1716 621 1758 τούτοις
659 1716 749 1758 τοὺς
787 1719 861 1767 μὲν
900 1715 1106 1768 εὐεργέτας
1143 1719 1344 1766 τιμῶντες,
1383 1717 1489 1766 παρὰ
1524 1718 1566 1756 δὲ

238 1785 317 1822 τῶν
343 1787 518 1824 πολιτῶν
543 1783 651 1837 λόγῳ
677 1785 774 1834 μετὰ
799 1787 877 1823 τῶν
902 1784 1033 1833 νόμων
1052 1783 1100 1822 τὰ
1126 1782 1256 1822 δίκαια
1273 1781 1565 1832 λαμβάνοντες.

238 1849 341 1890 ὅλως
375 1849 407 1889 δ’
432 1848 539 1900 οἶμαι
568 1850 659 1890 τότε
690 1852 773 1890 δεῖν
805 1850 896 1892 τοὺς
925 1849 1068 1901 ἑτέρων
1101 1850 1276 1889 ἐπαινεῖν
1309 1849 1476 1901 τρόπους
1502 1849 1566 1888 καὶ
1588 1863 1625 1894 25

238 1916 308 1965 ε”θη
350 1919 431 1958 τοῖς
472 1916 674 1968 ὑμετέροις
722 1918 993 1967 ἐπιτιμῶντας,
1034 1918 1128 1956 ὅταν
1168 1914 1193 1971 ᾗ
1234 1918 1358 1966 δεῖξαι
1399 1915 1566 1966 βέλτιον

238 1983 409 2025 ἐκείνους
434 1982 680 2035 πράττοντας
704 1984 824 2034 ὑμῶν.
895 1984 960 2023 ὅτε
986 1982 1018 2022 δ’
1044 1984 1165 2030 ὑμεῖς,
1194 1985 1322 2024 καλῶς
1347 1985 1562 2027 ποιοῦντες,

239 2050 299 2088 καὶ
321 2051 418 2089 κατὰ
442 2051 512 2091 τὰς
537 2051 667 2092 κοινὰς
692 2048 853 2101 πράξεις
874 2050 936 2090 καὶ
961 2051 1059 2089 κατὰ
1082 2049 1153 2099 τὴν
1177 2049 1363 2099 ὁμόνοιαν
1384 2048 1446 2088 καὶ
1468 2051 1565 2088 κατὰ

236 2115 367 2156 τᾶλλα
398 2116 511 2157 πάντ’
538 2117 699 2167 ἄμεινον
731 2118 891 2158 ἐκείνων
926 2115 1130 2168 πράττετε,
1157 2119 1225 2155 τοῦ
1257 2114 1374 2168 χάριν
1406 2114 1454 2155 ἂν
1486 2119 1564 2155 τῶν

236 2183 431 2234 ὑμετέρων
456 2183 584 2224 αὐτῶν
604 2185 703 2224 ἐθῶν
727 2185 1012 2236 ὀλιγωροῦντες
1039 2184 1169 2223 ἐκεῖνα
1195 2183 1389 2228 διώκοιτε;
1429 2183 1462 2222 εἰ
1489 2185 1563 2233 γὰρ
1584 2195 1624 2225 30

282 2302 292 2321 1
329 2295 478 2325 ἐνταυθοῖ
510 2294 628 2324 codd.:
662 2295 787 2325 ἐνταυθὶ
831 2292 985 2331 Dindorf,
1021 2292 1061 2323 cf.
1099 2293 1156 2322 xix
1193 2293 1244 2331 81,
1282 2302 1355 2331 311,
1392 2292 1475 2321 xxiii
1508 2301 1559 2330 51,

234 2337 288 2375 66,
308 2336 402 2366 xxvii
420 2347 473 2374 54,
492 2337 537 2366 xli
557 2347 610 2377 20,
628 2347 668 2374 24
827 2347 842 2375 7
869 2336 956 2378 ἀραὶ]
976 2337 1071 2377 ἀρχαὶ
1091 2335 1156 2366 FY
1170 2335 1200 2365 O
1369 2345 1406 2374 ¹5
1429 2348 1468 2375 γε
1487 2339 1560 2374 post

233 2380 333 2453 TAO}S
348 2380 372 2410 L
384 2380 413 2410 A
429 2380 457 2410 Y
470 2379 500 2410 Ο
515 2380 562 2410 P:
587 2386 668 2411 ante
685 2383 743 2412 τοῦ
764 2379 787 2410 F
984 2389 1024 2418 25
1048 2380 1183 2421 τρόπους
1201 2378 1225 2410 S
1239 2379 1263 2408 L
1276 2379 1306 2408 Y
1320 2378 1348 2409 O
1363 2378 1422 2408 1³¹:
1449 2378 1559 2413 νόμους
