1737 2734
100 864 137 884 10

162 137 278 193 xx1v]
497 143 657 181 ΚΑΤΑ
705 143 1156 181 ΤΙΜΟΚΡΑΤΟΎΣ

159 249 222 288 διὰ
241 247 347 288 ταῦτ’
373 248 417 287 οὐ
443 248 704 301 προσέγραψε
730 252 858 288 τοῦτο.
933 250 975 288 ἐκ
1009 251 1049 289 δὲ
1083 248 1221 288 τούτου
1251 252 1320 288 τοῦ
1349 248 1495 300 τρόπου

158 314 231 364 τὴν
271 317 342 365 μὲν
384 315 644 367 ὑπάρχουσαν
686 316 876 367 τιμωρίαν
918 316 1046 357 λύσας
1086 317 1182 355 κατὰ
1220 318 1298 355 τῶν
1335 316 1383 354 τὰ
1424 317 1494 365 τῆς

159 382 313 422 πόλεως
339 381 528 434 ἐχόντων,
557 381 694 433 ἑτέραν
728 381 762 421 δ’
787 381 832 421 οὐ
866 381 1025 434 γράψας
1055 381 1183 422 πάντα
1215 383 1263 421 τὰ
1296 380 1491 434 πράγματ’

158 449 322 500 ἀναιρεῖ,
349 450 486 498 δῆμον,
514 448 668 494 ἱππέας,
696 447 866 498 βουλήν,
897 448 993 500 ἱερά,
1022 450 1127 488 ὅσια·
1164 448 1249 489 ἀνθ’
1274 449 1341 494 ὧν,
1369 448 1493 500 ἄνπερ

158 515 279 565 ὑμεῖς,
306 512 336 554 ὦ
368 514 506 566 ἄνδρες
530 514 749 565 Ἀθηναῖοι,
778 517 1028 567 σωφρονῆτε,
1063 515 1274 556 κολασθεὶς
1308 515 1370 555 καὶ
1403 515 1492 557 δοὺς

158 580 273 632 ἀξίαν
306 583 416 631 δίκην
448 586 529 623 τοῖς
562 582 702 623 ἄλλοις
733 581 982 634 παράδειγμα
1018 580 1232 634 γενήσεται
1263 581 1316 632 μὴ
1342 581 1491 622 τιθέναι

158 649 357 689 τοιούτους
380 649 535 698 νόμους.

225 715 284 754 Οὐ
309 716 442 755 τοίνυν
467 716 590 765 μόνον
615 715 663 754 τὰ
688 713 906 767 δικαστήρι’
932 715 1054 767 ἄκυρα
1084 719 1188 756 ποιεῖ
1216 719 1294 756 τῶν
1323 732 1485 768 προστι-

156 781 358 832 μημάτων,
385 786 468 823 τοῖς
493 783 674 822 ἀδικοῦσι
699 783 747 821 τὰ
775 783 884 822 κοινὰ
918 783 1081 822 δίδωσιν
1116 783 1263 827 ἄδειαν,
1291 783 1360 823 τὰς
1392 783 1490 834 ὑπὲρ

156 850 226 898 τῆς
259 849 414 889 πόλεως
445 850 654 898 στρατείας
687 850 933 899 λυμαίνεται,
961 849 1033 899 τὴν
1067 850 1263 899 διοίκησιν
1290 849 1487 895 καταλύει,

156 915 263 955 ἀλλὰ
302 916 365 955 καὶ
404 919 485 956 τοῖς
525 916 756 967 κακούργοις
796 916 858 956 καὶ
897 919 980 958 τοῖς
1016 916 1273 967 πατραλοίαις
1311 917 1373 956 καὶ
1409 920 1490 958 τοῖς

156 982 436 1034 ἀστρατεύτοις
470 985 696 1032 βοηθοῦντα
725 981 863 1033 τέθηκε
893 983 960 1023 τὸν
992 983 1125 1033 νόμον·
1163 984 1233 1025 τὰς
1265 983 1341 1035 γὰρ
1366 983 1486 1035 ὑπαρ-

157 1049 309 1102 χούσας
358 1050 400 1089 ἐκ
447 1052 525 1089 τῶν
568 1052 636 1089 νῦν
687 1050 827 1101 κυρίων
875 1050 1004 1100 νόμων
1052 1050 1238 1101 τιμωρίας
1289 1051 1485 1091 καταλύει.

155 1117 357 1168 λεγόντων
390 1117 466 1167 γὰρ
497 1119 575 1155 τῶν
610 1116 739 1166 νόμων
773 1116 839 1157 οὓς
871 1116 985 1166 ἔθηκε
1020 1117 1172 1162 Σόλων,
1207 1115 1320 1156 οὐδὲν
1353 1117 1488 1167 ὅμοιος

155 1180 209 1223 ὣν
244 1182 369 1236 τούτῳ
407 1182 636 1233 νομοθέτης,
673 1182 721 1223 ἄν
758 1199 815 1223 τις
853 1184 936 1237 ἁλῷ
975 1185 1124 1233 κλοπῆς
1161 1183 1224 1223 καὶ
1255 1182 1307 1233 μὴ
1345 1186 1488 1239 τιμηθῇ

155 1248 338 1295 θανάτου,
362 1252 586 1300 προστιμᾶν
611 1249 713 1303 αὐτῷ
740 1250 901 1300 δεσμόν,
932 1249 1002 1289 κάν
1022 1266 1079 1292 τις
1106 1249 1226 1291 ἁλοὺς
1245 1247 1340 1301 [τῆς]
1361 1251 1484 1289 κακώ-

155 1333 257 1357 σεως
285 1320 364 1356 τῶν
398 1315 548 1368 γονέων
582 1317 635 1357 εἷς
670 1315 742 1366 τὴν
776 1317 925 1368 ἀγορὰν
960 1316 1161 1373 ἐμβάλλῃ,
1189 1316 1386 1362 δεδέσθαι,
1415 1316 1487 1357 κᾶν

153 1383 389 1435 ἀστρατείας
414 1399 472 1424 τις
497 1384 609 1438 ὄφλῃ
635 1383 701 1423 καί
723 1400 761 1423 τι
785 1387 864 1423 τῶν
890 1383 1018 1424 αὐτῶν
1048 1387 1129 1425 τοῖς
1159 1384 1351 1434 ἐπιτίμοις
1376 1389 1482 1440 ποιῇ,

154 1450 217 1490 καὶ
236 1453 376 1490 τοῦτον
401 1448 599 1495 δεδέσθαι,
621 1449 869 1502 Τιμοκράτης
890 1450 1016 1490 ἅπασι
1035 1450 1187 1492 τούτοις
1211 1450 1346 1490 ἄδειαν
1365 1454 1482 1497 ποιεῖ,

95 1531 107 1552 2
152 1516 198 1572 τῇ
226 1515 470 1556 καταστάσει
499 1521 578 1556 τῶν
610 1517 812 1569 ἐγγυητῶν
840 1520 908 1557 τόν
942 1516 1092 1568 δεσμὸν
1120 1518 1313 1569 ἀφαιρῶν.
1388 1516 1483 1556 ὥστ’

153 1583 288 1636 ἔμοιγε
313 1587 420 1624 δοκεῖ
441 1582 519 1633 (καὶ
544 1585 620 1636 γὰρ
646 1585 679 1624 εἰ
699 1584 992 1636 φορτικώτερον
1017 1583 1116 1624 εἶναι
1141 1583 1185 1624 τὸ
1208 1585 1483 1636 ῥηθησόμενον

152 1648 272 1700 δόξει,
308 1649 411 1700 λέξω
449 1651 512 1691 καὶ
548 1650 615 1690 οὐκ
652 1648 945 1703 ἀποτρέψομαι)
982 1652 1078 1691 κατὰ
1115 1650 1216 1691 τοῦτ’
1253 1650 1336 1690 αὔτ’
1372 1650 1394 1690 ἄ
1426 1667 1484 1691 ιον

152 1716 269 1757 αὐτὸν
303 1716 404 1758 εἶναι
436 1717 592 1772 θανάτῳ
628 1718 833 1768 ζημιῶσαι,
862 1717 910 1758 ἵν’
936 1718 978 1758 ἐν
996 1716 1137 1757 “Αιδου
1169 1721 1251 1759 τοῖς
1284 1717 1483 1768 ἀσεβέσιν

152 1786 201 1840 θῇ
226 1787 363 1824 τοῦτον
387 1787 456 1824 τὸν
481 1785 614 1834 νόμον,
633 1784 733 1834 ἡμᾶς
758 1786 800 1824 δὲ
820 1785 910 1826 τοὺς
932 1785 1076 1834 ζῶντας
1096 1787 1231 1825 τοῖσδε
1250 1787 1332 1826 τοῖς
1357 1784 1481 1825 ὁσίοις

114 1866 127 1895 ,-
153 1851 214 1891 καὶ
235 1852 398 1893 δικαίοις
419 1852 463 1906 ἐᾷ
482 1854 526 1891 τὸ
549 1850 691 1892 λοιπὸν
711 1853 897 1904 χρῆσθαι.
959 1851 1158 1904 ἀνάγνωθι
1179 1853 1219 1891 δὲ
1240 1851 1302 1891 καὶ
1321 1850 1482 1892 τούτους

150 1917 242 1959 τοὺς
266 1918 422 1968 νόμους.

194 2038 214 2067 3
237 2027 359 2069 ’γράψας
378 2028 421 2059 S:
447 2028 653 2069 προσγράψας
672 2034 751 2059 cett.
911 2038 950 2058 10
973 2028 1126 2069 στρατιὰς
1144 2027 1173 2057 Α
1331 2037 1364 2056 11
1393 2027 1480 2059 ἀλλὰ

150 2072 201 2103 καὶ
218 2076 298 2102 ante
316 2074 383 2104 τοῖς
402 2073 545 2103 ἀδικοῦσι
563 2073 658 2102 codd.
678 2083 683 2102 2
710 2073 919 2111 transposuit
939 2073 1075 2102 Dobree
1260 2079 1297 2108 13
1323 2070 1391 2109 viv}
1412 2072 1477 2102 νυνὶ

150 2114 224 2144 ΑΥ
388 2117 426 2145 16
457 2115 577 2154 δεσμόν
603 2115 626 2146 S
650 2115 753 2155 vulg„
780 2116 821 2146 cf.
848 2119 862 2153 ξ
892 2126 975 2154 114:
1008 2117 1128 2154 δεσμοῦ
1154 2114 1226 2144 ΥΟ
1328 2115 1385 2150 τῆς
1410 2113 1474 2143 del.

152 2158 310 2189 Dobree:
342 2164 454 2189 servat
481 2158 579 2189 Blass
602 2159 675 2190 coll.
704 2163 718 2196 ξ
748 2168 819 2198 131,
846 2160 926 2189 xxix
954 2169 971 2198 7
1141 2167 1177 2196 17
1211 2157 1361 2197 ἐμβάλλῃ
1387 2156 1410 2186 S
1431 2156 1474 2186 F:

150 2202 278 2244 ἐμβάλῃ
298 2203 328 2232 Α
342 2202 371 2232 Y
384 2202 426 2239 O,
447 2203 488 2232 cf.
506 2213 575 2233 xxv
593 2212 636 2241 50
771 2213 809 2241 19
832 2204 859 2234 δ’
877 2203 975 2234 ἅπασι
993 2202 1021 2231 Α
1034 2201 1064 2232 Y
1079 2200 1108 2232 O
1241 2210 1284 2231 20
1306 2203 1347 2241 τῇ
1364 2203 1430 2231 τῶν
1445 2199 1476 2229 Α

148 2255 190 2275 22
216 2245 432 2286 ἀποτρέψομαι
455 2245 616 2283 SAYO,
637 2245 675 2276 Cf.
699 2248 735 2282 §§
758 2256 785 2281 Ι,
805 2256 888 2277 200:
923 2246 1141 2286 ἀποκρύψομαι
1165 2243 1224 2274 FS
1240 2257 1305 2284 γρ..
1329 2243 1476 2273 Isidorus

150 2288 258 2320 Pelus.
281 2288 342 2329 Ep.
362 2289 394 2319 iii
413 2290 477 2320 260
587 2288 693 2331 τοῦτ’]
711 2289 810 2321 τοῦτό
826 2290 858 2330 γ’
879 2288 914 2328 Ρ,
935 2288 1084 2319 Isidorus
1230 2297 1273 2326 23
1297 2288 1394 2318 αὐτὸν
1408 2296 1474 2318 om.

148 2331 223 2364 ΥΟ

1526 144 1635 199 [732]

1523 732 1587 757 102

1522 1134 1586 1168 103

1518 1531 1583 1565 104

1514 1851 1623 1905 [733]
