1737 2734
129 539 146 569 5

111 870 148 891 10

110 1537 149 1560 20

168 146 264 200 xxv]
424 148 553 188 KAT’
602 149 1148 188 ΑΡΙΣΤΟΓΕΙΤΟΝΟΣ
1199 150 1232 187 Α

167 255 231 295 ἐπὶ
251 259 333 297 τοῖς
358 256 457 295 οὕτω
478 258 664 307 φανεροῖς
686 254 748 294 καὶ
773 254 963 306 μεγάλοις
987 252 1226 304 ἀδικήμασιν
1251 253 1497 306 ὀργιζόμενοι

169 323 230 362 καὶ
268 323 562 373 τιμωρούμενοι,
604 320 737 371 δόξετε
775 320 894 366 τοῦθ’,
933 322 1029 372 ὅπερ
1068 320 1174 366 ἐστέ,
1213 321 1393 360 δικασταὶ
1435 321 1497 359 καὶ

167 389 344 440 φύλακες
377 392 455 428 τῶν
487 390 618 439 νόμων
656 388 970 438 εἰσεληλυθέναι·
1009 389 1042 427 εἰ
1078 387 1112 427 δ’
1145 388 1279 439 ἕτερόν
1310 404 1348 427 τι
1386 404 1493 438 περι-

167 455 283 495 έσται
315 455 477 501 τούτων,
505 454 525 494 ὃ
549 455 683 505 μηδεὶς
716 457 788 505 μὲν
813 454 862 494 ἂν
888 455 1002 495 αὐτὸς
1029 454 1286 503 πεποιηκέναι
1312 452 1494 505 φήσειεν,

169 524 211 562 ἐν
237 525 276 562 δὲ
302 525 386 562 ταῖς
403 520 559 574 ψήφοις
587 520 854 573 εὑρεθήσεται,
877 521 1031 561 δέδοικα
1055 520 1107 571 μὴ
1134 519 1272 571 δόξητέ
1296 537 1403 561 τισιν
1427 524 1496 560 τὸν

167 589 227 628 ἀεὶ
253 589 503 639 βουλόμενον
524 588 623 627 εἶναι
642 587 814 640 πονηρὸν
833 591 912 627 τῶν
939 589 980 627 ἐν
1000 593 1046 644 τῇ
1072 588 1189 627 πόλει
1207 590 1493 638 παιδοτριβεῖν.

167 655 340 704 ἀσθενὴς
363 657 435 705 μὲν
461 653 536 706 γάρ
561 656 672 694 ἐστιν
692 655 795 695 ἅπας
821 655 840 692 ὁ
866 654 1034 706 πονηρὸς
1054 654 1139 694 καθ’
1160 654 1312 694 ἑαυτόν·
1347 653 1374 708 ᾧ
1394 654 1427 694 δ’
1447 654 1496 694 ἂν

167 723 276 772 ὑμεῖς
310 722 556 772 πρόσθησθε,
588 720 699 762 οὗτος
734 721 896 773 ἰσχυρὸς
930 722 1118 773 γίγνεται.
1190 721 1278 761 ἔστι
1312 722 1352 761 δὲ
1382 724 1495 760 τοῦτο

166 792 219 842 τῷ
245 790 317 838 μὲν
344 789 517 837 λαβόντι
542 787 632 838 παρ’
659 789 764 838 ὑμῶν
791 789 960 839 ἐργασία
990 788 1052 827 καὶ
1078 789 1302 832 δυναστεία,
1330 789 1419 838 ὑμῖν
1453 790 1495 828 δὲ

1528 148 1630 205 [771]

167 859 249 895 τοῖς
273 857 411 894 δοῦσιν
437 855 598 894 ὄνειδος.
659 855 882 904 βουλοίμην
915 853 947 894 δ’
973 854 1032 899 ἄν,
1060 852 1089 893 ὦ
1115 854 1251 905 ἄνδρες
1277 853 1493 904 Ἀθηναῖοι,
1526 842 1637 896 [772]

167 921 244 973 πρὸ
276 924 344 960 τοῦ
375 921 462 972 περὶ
492 924 570 960 τῶν
600 921 707 960 ἰδίων
742 921 810 971 ἐμὲ
843 924 922 960 τῶν
953 922 1110 961 τουτουὶ
1143 920 1290 973 λέγειν,
1319 921 1491 961 σπουδά-

168 1004 318 1028 σαντας
345 988 444 1038 ὑμᾶς
472 986 657 1037 ἐξετάσαι
687 988 750 1027 διὰ
782 987 971 1039 βραχέων
997 989 1051 1029 εἰς
1076 989 1177 1037 ὅσην
1207 988 1404 1040 αἰσχύνην
1434 988 1496 1027 καὶ

168 1054 329 1105 ἀδοξίαν
349 1056 500 1106 προῆχε
521 1052 592 1103 τὴν
613 1054 732 1094 πόλιν
759 1055 931 1107 δημοσίᾳ
956 1054 1085 1094 πάντα
1109 1055 1157 1094 τὸ.
1183 1058 1343 1094 τοιαῦτα
1367 1054 1495 1106 θηρία,

167 1122 222 1162 ὧν
252 1121 374 1171 μέσος
401 1122 462 1161 καὶ
492 1125 717 1162 τελευταῖος
749 1120 811 1160 καὶ
845 1121 997 1172 πρῶτός
1026 1122 1138 1161 ἐστιν
1168 1121 1290 1163 οὗτος.
1364 1121 1425 1161 καὶ
1450 1122 1497 1160 τὰ

167 1190 240 1239 μὲν
271 1188 364 1227 ἄλλ’
390 1187 511 1227 ἐάσω·
555 1187 648 1227 ἀλλ’
677 1189 733 1229 εἰς
764 1189 833 1228 τὰς
871 1188 1085 1238 ἐκκλησίας
1118 1188 1418 1238 ἀναβαίνουσιν,
1455 1188 1497 1227 ἐν

169 1256 230 1296 αῖς
255 1256 362 1305 ὑμεῖς
388 1254 545 1306 γνώμης
570 1253 784 1305 ἀπόδειξιν,
806 1254 850 1294 οὐ
870 1255 1058 1306 πονηρίας
1077 1258 1158 1296 τοῖς
1177 1254 1343 1307 λέγουσι
1363 1255 1494 1306 προτί-

169 1325 269 1368 θετε,
292 1322 444 1372 τόλμαν
464 1322 526 1361 καὶ
546 1320 718 1373 κραυγὴν
737 1321 800 1361 καὶ
818 1323 979 1373 ψευδεῖς
999 1323 1125 1362 αἰτίας
1147 1321 1207 1361 καὶ
1228 1322 1497 1373 συκοφαντίαι·

170 1389 233 1429 καὶ
266 1389 553 1442 ἀναισχυντίαν
587 1388 649 1428 καὶ
681 1387 810 1428 πάντα
841 1389 890 1428 τὰ
922 1391 1084 1428 τοιαῦτα
1118 1387 1494 1438 συνεσκευασμένοι,

168 1456 222 1496 ὧν
249 1455 316 1495 οὐκ
340 1454 387 1495 ἂν
415 1456 519 1506 εὕροι
542 1471 601 1496 τις
627 1455 886 1506 ἐναντιώτερα
909 1458 962 1509 τῷ
989 1455 1268 1506 βουλεύεσθαι,
1295 1455 1438 1506 νομίζω
1464 1454 1498 1493 δ’

168 1522 247 1562 οὐδ’
278 1522 326 1562 ἂν
359 1523 519 1575 αἰσχίω.
595 1522 656 1561 καὶ
687 1523 839 1563 τούτοις
871 1525 953 1563 τοῖς
986 1523 1169 1574 αἰσχροῖς
1203 1521 1388 1562 ἁπάντων
1419 1524 1497 1561 τῶν

167 1592 237 1639 τῆς
263 1591 416 1630 πόλεως
443 1592 574 1628 καλῶν
599 1590 782 1640 περίεισι,
810 1592 887 1628 τῶν
913 1589 1054 1639 νόμων,
1083 1593 1160 1628 τῶν
1190 1588 1402 1640 προέδρων,
1428 1591 1497 1627 τοῦ

169 1656 486 1708 προγράμματος,
527 1657 597 1705 τῆς
636 1655 860 1706 εὐκοσμίας.
934 1657 967 1695 εἰ
1008 1657 1081 1706 μὲν
1121 1656 1188 1695 οὖν
1226 1656 1335 1706 ὑμεῖς
1376 1658 1496 1695 ταῦτα

169 1723 374 1773 βούλεσθε
400 1722 462 1762 καὶ
491 1723 590 1772 μετὰ
613 1724 682 1772 τῆς
712 1721 901 1773 ὑμετέρας
934 1723 1092 1774 γνώμης
1121 1722 1227 1761 οὗτοι
1256 1725 1379 1762 ταῦτα
1408 1738 1493 1762 ποι-

170 1794 296 1835 οῦσιν,
320 1790 394 1843 ὁδῷ
421 1790 576 1839 βαδίζει
603 1788 664 1828 καὶ
691 1790 760 1828 ἐᾶν
786 1792 857 1829 δεῖ·
896 1790 929 1828 εἰ
955 1788 988 1828 δ’
1008 1789 1367 1840 ἐπανορθώσασθαι
1390 1787 1496 1828 ταῦτ’

170 1856 227 1896 ἔτι
265 1857 327 1896 καὶ
364 1860 432 1896 νῦν
470 1857 604 1895 οἴεσθε
643 1857 797 1907 χρῆναι,
838 1856 899 1895 καὶ
935 1857 983 1894 τὰ
1020 1854 1232 1907 προειμένα
1267 1856 1398 1906 πόρρω
1437 1855 1498 1894 καὶ

170 1922 297 1962 πολὺν
326 1922 396 1972 ἤδη
429 1923 576 1975 χρόνον
606 1923 783 1974 αἰσχρῶς
816 1923 879 1962 καὶ
908 1925 1034 1963 κακῶς
1064 1921 1139 1962 ὑπὸ
1172 1921 1319 1961 τούτων
1352 1921 1495 1961 διακεί-

169 2006 268 2039 μενα
293 1989 443 2039 βελτίω
470 1991 648 2038 ποιῆσαι,
670 1987 797 2028 πάντα
821 1990 869 2028 τὰ
893 1987 1038 2028 τοιαῦτ’
1060 1990 1127 2038 ἔθη
1148 1989 1381 2039 παριδόντας
1399 1988 1498 2038 ὑμᾶς

213 2109 233 2129 2
257 2100 330 2131 τοὺς
348 2100 535 2130 ἀδικοῦντας
553 2103 629 2137 post
646 2097 874 2137 τιμωρούμενοι
891 2098 967 2127 add.
988 2096 1011 2127 S
1030 2096 1063 2126 in
1083 2107 1185 2135 marg.
1287 2106 1348 2134 3-4
1373 2096 1498 2128 τούτων

170 2148 246 2181 post
264 2142 430 2183 περιέσται
450 2141 472 2172 S
491 2141 559 2172 aL:
592 2146 670 2170 ante
689 2140 854 2181 περιέσται
872 2140 902 2170 Α
915 2140 941 2170 F
1089 2150 1105 2178 7
1139 2143 1154 2172 ὁ
1171 2150 1235 2171 om.
1255 2139 1285 2170 Y
1298 2140 1339 2173 O,
1358 2140 1397 2170 cf.
1421 2144 1434 2175 ,8
1454 2149 1497 2178 32

174 2195 209 2216 11
244 2185 448 2225 ἀδικημάτων
471 2195 571 2224 supra
598 2184 711 2224 λέγειν
735 2184 810 2214 add.
833 2184 856 2214 S
883 2194 969 2214 corr.
1112 2194 1149 2221 14
1181 2185 1233 2215 καὶ
1257 2183 1314 2223 ⁷82]
1341 2182 1383 2214 ὧν
1406 2184 1446 2214 τὰ
1473 2183 1497 2213 F

173 2238 210 2268 17
243 2229 458 2268 συκοφαντίας
482 2228 513 2257 Α
683 2236 722 2265 19
751 2228 794 2265 μὰ
819 2228 894 2259 τοὺς
918 2227 1006 2259 θεοὺς
1031 2231 1106 2266 post
1132 2226 1245 2266 νομίζω
1270 2225 1305 2258 δὲ
1329 2226 1403 2256 add.
1429 2227 1494 2256 As

168 2283 237 2312 γρ.;
263 2282 326 2302 om.
346 2272 369 2302 S
385 2271 449 2301 FY
462 2271 503 2305 O,
523 2271 563 2301 cs.
584 2273 599 2307 §
618 2270 660 2307 48
861 2281 904 2301 20
926 2274 991 2302 τῶν
1007 2274 1116 2302 καλῶν
1132 2273 1197 2301 τῶν
1213 2272 1272 2307 τῆς
1289 2270 1413 2301 πόλεως
1429 2270 1458 2298 Α
1473 2269 1496 2299 F

170 2326 211 2353 24
241 2314 363 2354 βαδίζει
389 2316 440 2347 καὶ
467 2314 490 2345 S
516 2314 581 2345 alr:
614 2312 756 2352 βαδίζειν
781 2315 831 2346 καὶ
857 2313 926 2344 AF
948 2318 981 2343 et
1004 2313 1145 2343 Aristid.
1177 2313 1241 2343 Rh.
1269 2312 1328 2344 Gr.
1354 2323 1386 2352 p.
1413 2321 1494 2352 357:

169 2357 313 2397 βαδίζειν
331 2358 354 2388 S
370 2370 422 2399 γρ.
543 2367 583 2396 25
608 2355 792 2397 προειμένα]
812 2356 1024 2399 προειρημένα
1042 2356 1066 2387 S
1084 2366 1136 2387 me
1153 2361 1242 2387 teste
1354 2365 1394 2395 27
1420 2358 1497 2396 ὑμᾶς

168 2412 232 2432 om.
253 2401 278 2431 F

1527 903 1546 934 ὅ

1532 1669 1575 1694 10
