1737 2734
111 872 148 893 10

112 1205 147 1236 15

110 1540 150 1562 20

167 147 282 200 xxm]
508 151 668 188 ΚΑΤΑ
713 150 1164 188 ΤΙΜΟΚΡΑΤΟΤΣ

165 255 301 308 λέγειν
326 256 560 306 βούλοισθε·
599 254 676 295 ἀπὸ
702 256 776 307 γὰρ
805 254 953 294 τούτων
980 253 1234 306 εἰσφέρομεν.
1300 253 1405 294 τίνος
1429 251 1497 292 οὖν

167 322 280 368 ἕνεκ’,
307 320 336 362 ὦ
363 321 543 362 κάκιστοι
572 322 731 361 πάντων
757 321 988 373 ἀνθρώπων,
1015 321 1186 373 ἀφέντες
1215 319 1259 359 τὸ
1294 321 1342 359 τὰ
1372 320 1499 372 χωρία

167 389 349 439 δημεύειν
383 389 445 428 καὶ
478 391 548 430 τὰς
584 390 707 430 οἰκίας
741 389 803 428 καὶ
837 388 942 428 ταῦτ’
976 387 1240 440 ἀπογράφειν,
1277 388 1398 426 ἐδεῖτε
1436 387 1498 426 καὶ

166 456 348 508 ὑβρίζετε
366 456 532 497 πολίτας
553 455 782 507 ἀνθρώπους
802 455 865 494 καὶ
881 455 970 496 τοὺς
987 454 1260 506 ταλαιπώρους
1279 454 1495 504 μετοίκους,

167 523 224 564 οἷς
249 523 584 574 ὑβριστικώτερον
609 523 718 572 ὑμεῖς
742 518 765 571 ἢ
791 526 873 563 τοῖς
902 521 1071 563 οἰκέταις
1095 525 1177 562 τοῖς
1201 519 1402 572 ὑμετέροις
1430 519 1496 559 αὐ-

168 594 247 629 τῶν
265 591 458 642 ἐχρῆσθε;
496 590 558 629 καὶ
577 588 654 639 μὴν
675 590 706 629 εἰ
728 588 863 629 θέλετε
884 587 1118 640 σκέψασθαι
1137 587 1226 639 παρ’
1242 588 1332 638 ὑμῖν
1352 586 1496 632 αὐτοῖς,

168 655 197 696 ὦ
234 656 372 707 ἄνδρες
403 656 599 700 δικασταί,
631 656 672 696 τί
702 658 844 695 δοῦλον
875 652 898 705 ἢ
929 655 1134 707 ἐλεύθερον
1169 654 1269 694 εἶναι
1302 652 1495 706 διαφέρει,

168 726 282 762 τοῦτο
314 722 505 774 μέγιστον
539 722 587 762 ἂν
621 723 782 773 εὕροιτε,
813 723 874 762 ὅτι
903 725 985 763 τοῖς
1017 723 1090 772 μὲν
1119 721 1274 761 δούλοις
1303 721 1349 760 τὸ
1382 724 1498 770 σῶμα

167 793 244 829 τῶν
265 788 514 839 ἀδικημάτων
534 788 718 829 ἁπάντων
737 789 955 829 ὑπεύθυνόν
976 789 1099 835 ἐστιν,
1122 791 1203 830 τοῖς
1223 787 1256 827 δ’
1277 786 1498 838 ἐλευθέροις

167 857 341 896 ὕστατον
365 859 479 895 τοῦτο
505 855 697 906 προσήκει
724 855 916 905 κολάζειν.
987 857 1023 895 οἱ
1048 858 1090 895 δὲ
1115 855 1345 895 τούναντίον
1371 855 1425 896 εἷς
1450 856 1497 893 τὰ

168 923 345 973 σώματα,
365 922 499 973 ὥσπερ
516 923 788 974 ἀνδραπόδοις,
807 921 1048 972 ἐποιήσαντο
1065 923 1135 963 τὰς
1151 923 1350 973 τιμωρίας.
1397 922 1497 961 οὕτω

168 989 201 1028 δ’
221 990 371 1030 ἀνίσως
396 989 458 1028 καὶ
480 993 767 1030 πλεονεκτικῶς
786 989 884 1042 ἔσχε
903 988 1000 1040 πρὸς
1019 990 1118 1039 ὑμᾶς
1137 988 1375 1040 Ἀνδροτίων
1394 988 1497 1028 ὥστε

167 1056 236 1096 τὸν
267 1058 338 1106 μὲν
367 1057 486 1095 αὑτοῦ
515 1055 651 1107 πατέρ’
680 1055 775 1110 ᾤετο
805 1058 900 1102 δεῖν,
928 1056 1101 1109 δημοσίᾳ
1130 1054 1279 1096 δεθέντ’
1307 1055 1370 1095 ἐπὶ
1399 1053 1496 1107 χρή-

167 1139 292 1173 μασιν
313 1124 355 1162 ἐν
373 1127 426 1177 τῷ
447 1124 717 1176 δεσμωτηρίῳ,
738 1121 826 1173 μήτ’
847 1123 1046 1162 ἀποδόντα
1065 1126 1185 1162 ταῦτα
1209 1121 1306 1172 μήτε
1333 1120 1498 1174 κριθέντ’

556 1189 585 1202 m,

169 1190 399 1241 ἀποδρᾶναι,
438 1193 515 1229 τῶν
553 1205 572 1229 ο
622 1189 758 1229 ἄλλων
794 1193 969 1229 πολιτῶν
1005 1189 1073 1229 τὸν
1110 1189 1162 1239 μὴ
1200 1188 1415 1239 δυνάμενον
1451 1190 1499 1228 τὰ

169 1259 308 1296 ἑαυτοῦ
328 1259 454 1296 θεῖναι
478 1258 632 1296 οἴκοθεν
652 1258 707 1298 εἷς
732 1260 775 1296 τὸ
802 1255 1072 1308 δεσμωτήριον
1093 1255 1253 1309 ἀχθένθ’
1273 1255 1341 1307 ὑφ’
1362 1258 1499 1295 ἑαυτοῦ

169 1323 365 1363 δεδέσθαι.
428 1323 491 1363 καὶ
514 1322 763 1375 Τιμοκράτης
786 1327 863 1363 τῶν
888 1325 960 1374 μὲν
986 1327 1151 1364 πολλῶν
1176 1323 1285 1373 ἡμῶν
1309 1323 1412 1368 τότε,
1433 1323 1499 1362 ὅτε

168 1390 239 1440 τὴν
269 1391 488 1430 διπλασίαν
518 1389 787 1441 εἰσέπραττεν,
815 1389 895 1430 οὐδ’
920 1389 969 1430 ἂν
999 1389 1089 1441 παρ’
1117 1389 1204 1431 ἑνὸς
1232 1393 1378 1440 λαβεῖν
1407 1388 1497 1438 ἠθέ·

168 1463 294 1507 λησεν
321 1456 525 1509 ἐγγυητάς,
552 1456 604 1507 μὴ
624 1454 720 1508 (ὅτι)
738 1456 857 1510 μέχρι
879 1459 948 1507 τῆς
974 1456 1113 1507 ἐνάτης
1139 1457 1384 1508 πρυτανείας,
1406 1455 1498 1496 ἀλλ’

168 1523 256 1564 οὐδὲ
281 1526 372 1574 μιᾶς
391 1523 548 1575 ἡμέρας,
571 1524 665 1564 ἀλλ’
684 1521 706 1573 ἦ
728 1526 848 1564 διπλᾶ
867 1525 915 1563 τὰ
940 1523 1108 1577 χρήματ’
1127 1524 1205 1564 ἔδει
1226 1522 1498 1571 καταβάλλειν

168 1588 190 1640 ἦ
221 1593 462 1644 παραχρῆμα
494 1590 692 1630 δεδέσθαι·
736 1591 944 1642 παρεδίδου
970 1590 1002 1630 δ’
1023 1591 1136 1633 οὗτος
1161 1594 1242 1632 τοῖς
1268 1591 1405 1630 ἕνδεκα
1429 1589 1498 1629 τὸν

1529 148 1638 203 [752]

1532 596 1595 637 167

1532 928 1597 964 168

1534 1330 1598 1374 169

168 1657 236 1697 οὐκ
261 1657 463 1709 ὠφληκότ’
489 1659 531 1697 ἐν
556 1662 609 1712 τῷ
635 1659 886 1712 δικαστηρίῳ.
959 1661 1027 1698 νῦν
1053 1657 1085 1697 δ’
1107 1658 1213 1699 ὅπως
1237 1658 1292 1697 ὧν
1316 1656 1364 1696 ἂν
1389 1658 1497 1707 ὑμεῖς
1529 1661 1638 1715 [753]

328 1724 426 1737 Αἳν

169 1741 373 1776 καταγνωτ
406 1727 537 1764 αδετοι
561 1726 773 1776 περιίασιν,
795 1725 1011 1765 ὑπεύθυνον
1036 1726 1153 1764 αὑτὸν
1179 1722 1349 1773 ποιήσας
1376 1724 1497 1773 νόμον

169 1793 412 1843 εἰσενεγκεῖν
437 1792 673 1841 ἐτόλμησεν.

235 1857 349 1898 Ἀλλ’
365 1860 471 1908 ὅμως
491 1859 648 1898 κάκεῖνα
669 1858 730 1898 καὶ
749 1857 841 1899 τάδε
861 1857 1038 1911 φήσουσ’
1055 1859 1152 1909 ὑπὲρ
1171 1859 1277 1908 ὑμῶν
1297 1856 1494 1909 πράττειν.

168 1924 252 1964 εἶτα
283 1924 391 1964 ταῦθ’
415 1926 524 1975 ὑμεῖς
556 1923 788 1975 ἀναδέξεσθ’
821 1926 918 1977 ὑπὲρ
948 1926 1055 1976 ὑμῶν
1086 1927 1325 1976 πεπρᾶχθαι,
1359 1924 1421 1964 καὶ
1451 1926 1499 1962 τὰ

167 1993 236 2040 τῆς
268 1991 416 2031 τούτων
450 1992 694 2043 θρασύτητος
729 1991 792 2031 καὶ
825 1991 1013 2044 πονηρίας
1051 1991 1147 2043 ἔργα
1180 1990 1313 2043 πράως
1345 1992 1496 2035 οἵσετε;

211 2110 229 2138 5
247 2100 409 2141 ὑμετέροις
421 2102 525 2132 αὐτῶν
537 2100 639 2139 vulg.:
657 2100 816 2141 ὑμετέροις
829 2101 928 2132 οὕτως
941 2099 978 2129 Sl
994 2099 1030 2129 L¹
1048 2111 1053 2129 1
1073 2101 1194 2131 ἑαυτῶν
1207 2099 1232 2129 F
1320 2100 1341 2129 6
1358 2100 1498 2139 ἐχρῆσθε

168 2144 191 2173 S
212 2145 294 2184 <non
314 2144 453 2185 ἔχρησθε
472 2154 524 2174 me
541 2145 644 2183 teste)
666 2142 706 2173 L¹
723 2155 730 2173 z
754 2144 915 2184 κέχρησθε
933 2144 1037 2182 vulg„
1057 2143 1097 2173 cf.
1118 2144 1189 2172 xxii
1210 2153 1249 2182 54
1371 2142 1498 2174 θέλοιτε

166 2187 223 2225 aL,
251 2187 291 2218 cf,
321 2188 390 2217 xxii
415 2196 456 2225 55
576 2188 738 2226 σκέψασθε
765 2186 956 2217 SLAYO
1127 2195 1163 2216 12
1197 2185 1329 2226 ἀνίσως]
1355 2187 1499 2227 αἰσχρῶς

168 2230 273 2260 Paris.
292 2232 379 2269 2936
395 2240 494 2261 corr..
515 2230 555 2260 cf.
575 2231 644 2260 xxii
661 2232 703 2269 56
805 2239 842 2268 15
868 2232 965 2261 θεῖναι
982 2229 1024 2262 τὰ
1042 2232 1156 2262 ἑαυτοῦ
1173 2230 1202 2259 Α
1217 2230 1245 2259 Y
1259 2229 1289 2260 Ο
1383 2231 1421 2259 16
1447 2229 1498 2259 ὑπ’

168 2276 265 2305 αὐτοῦ
281 2273 312 2303 Α
326 2274 389 2303 FY
402 2274 432 2304 O
603 2283 641 2312 19
666 2274 715 2305 ὅτι
732 2273 809 2304 add.
829 2274 938 2304 Cobet
1104 2283 1147 2303 20
1171 2273 1243 2304 οὐδὲ
1261 2282 1325 2304 om.
1345 2272 1368 2302 S
1382 2272 1417 2302 L¹
1436 2272 1498 2302 soli

168 2326 208 2346 22
234 2319 290 2348 οὐκ
305 2327 368 2347 om.
389 2317 412 2347 S
425 2315 465 2346 L1
483 2316 545 2347 soli
647 2318 730 2349 ὅπως
747 2316 806 2357 ὧν]
826 2316 955 2348 ὁπόσων
972 2316 1003 2346 Α
1137 2326 1178 2355 23
1202 2317 1364 2357 περιΐωσιν
1380 2316 1411 2346 Α
1424 2315 1454 2345 Y
1466 2315 1497 2346 Ο

168 2361 210 2389 26
241 2361 431 2400 ἀναδέξεσθε
457 2359 544 2390 SL:
577 2360 627 2400 ἐφ’
654 2361 785 2392 ἑαυτοὺς
810 2361 1000 2400 ἀναδέξεσθε
1027 2359 1061 2393 F,
1088 2360 1130 2389 cf.
1157 2360 1227 2389 xxii
1251 2360 1305 2398 64,
1332 2359 1412 2389 xxiv
1440 2369 1497 2398 14:

167 2402 316 2444 ἀνέξεσθε
334 2404 364 2433 Α
378 2403 407 2433 Y
420 2403 449 2434 O
541 2403 617 2444 ὑπὲρ
636 2405 719 2442 ὑμῶν
736 2406 917 2444 πεπρᾶχθαι
935 2403 1016 2434 secl.
1035 2402 1139 2441 weil,
1161 2403 1276 2434 nescio
1292 2413 1335 2433 an
1355 2406 1446 2433 recte

1533 1873 1598 1906 170
