1737 2734
75 847 111 868 10

72 1179 109 1211 15

73 1512 112 1534 20

74 1845 110 1876 25

135 121 254 176 xxm]
448 122 579 163 KAT‘
621 124 1137 163 ΑΡΙΣΤΟΚΡΑΤΟΎΣ

131 232 238 272 ἀλλὰ
264 231 326 271 καὶ
350 232 477 270 πᾶσαι
510 232 572 271 διὰ
601 229 673 281 τὴν
704 234 782 271 τῶν
816 230 1044 282 καταράτων
1075 231 1138 271 καὶ
1171 232 1274 272 θεοῖς
1306 231 1460 283 ἐχθρῶν

130 298 319 350 ῥητόρων,
346 301 424 337 τῶν
448 299 496 337 τὰ
526 300 687 337 τοιαῦτα
716 299 956 350 γραφόντων
990 298 1166 348 ἑτοίμως,
1193 297 1397 348 πονηρίαν,
1424 297 1460 337 οἳ,

131 363 329 414 τοσαύτην
351 362 584 415 ὑπερβολὴν
609 365 844 414 πεποίηνται
875 366 943 414 τῆς
976 363 1104 405 αὐτῶν
1137 364 1460 416 αἰσχροκερδείας

131 431 235 471 ὥστε
267 432 337 472 τὰς
371 432 485 481 τιμὰς
519 430 583 470 καὶ
615 433 685 472 τὰς
718 430 809 482 παρ’
832 430 938 482 ὑμῶν
972 430 1148 482 δωρειάς,
1176 431 1312 482 ὥσπερ
1344 432 1380 470 οἱ
1413 432 1460 469 τὰ

130 499 247 549 μικρὰ
291 497 354 537 καὶ
392 500 532 554 κομιδῇ
568 497 689 550 φαῦλ’
726 498 1074 550 ἀποκηρύττοντες,
1114 498 1212 537 οὕτω
1255 501 1460 537 πωλοῦσιν

131 564 433 613 ἐπευωνίζοντες
464 565 527 604 καὶ
553 568 720 605 πολλοῖς
754 564 832 604 ἀπὸ
856 568 934 605 τῶν
960 564 1087 604 αὐτῶν
1111 563 1330 614 λημμάτων
1363 563 1458 616 γρά-

132 637 277 683 φοντες
315 633 392 671 πᾶν
431 632 454 670 ὅ
491 648 528 671 τι
564 630 611 672 ἂν
647 632 889 682 βούλωνται.
960 635 1116 682 πρῶτον
1153 630 1241 681 μέν,
1282 632 1346 671 ἵνα
1382 634 1462 670 τῶν

130 699 369 738 τελευταίων
402 698 567 749 πρώτων
599 701 850 748 μνησθῶμεν,
883 696 1198 749 Ἀριοβαρζάνην
1233 699 1383 737 ἐκεῖνον
1416 697 1461 737 οὐ

130 765 251 814 μόνον
289 763 407 804 αὐτὸν
445 765 508 804 καὶ
543 764 633 806 τοὺς
669 766 763 806 υἱεῖς
798 767 901 817 τρεῖς
938 766 1054 806 ὄντας
1090 763 1248 804 πάντων
1285 761 1461 813 ἠξίωσαν

131 833 240 871 ὅσων
274 829 570 881 ἐβουλήθησαν,
596 832 703 871 ἀλλὰ
735 831 797 871 καὶ
831 830 887 871 δύ’
913 831 1171 882 Ἀβυδηνούς,
1198 833 1457 881 μισαθηναιο-

131 898 270 939 τάτους
313 899 376 938 καὶ
418 898 708 950 πονηροτάτους
749 898 993 950 ἀνθρώπους,
1036 895 1301 949 [προσέθηκαν
1343 895 1461 951 αὐτῷ]

132 965 331 1005 Φιλίσκον
351 963 413 1004 καὶ
433 963 618 1016 Ἀγαυόν.
677 963 799 1005 πάλιν
818 963 1014 1016 Τιμοθέου
1033 963 1221 1015 δόξαντός
1240 980 1277 1004 τι
1297 966 1462 1014 ποιῆσαι

132 1034 210 1072 τῶν
252 1031 423 1071 δεόντων
465 1031 566 1082 ὑμῖν,
611 1031 706 1083 πρὸς
748 1032 801 1086 τῷ
851 1030 966 1072 πάνθ’
1004 1032 1029 1071 δ.
1068 1030 1226 1082 μέγιστ’
1269 1030 1317 1081 ἦν
1358 1030 1460 1085 αὐτῷ

132 1100 264 1138 δοῦναι
312 1097 564 1149 προσέθηκαν
611 1098 713 1152 αὐτῷ
756 1100 1029 1150 Φρασιηρίδην
1078 1099 1140 1138 καὶ
1180 1097 1459 1147 Πολυσθένην,

132 1165 360 1216 ἀνθρώπους
393 1164 473 1205 οὐδ’
499 1164 739 1218 ἐλευθέρους,
766 1165 859 1205 ἀλλ’
884 1164 1072 1217 ὀλέθρους
1104 1164 1168 1204 καὶ
1200 1168 1361 1204 τοιαῦτα
1392 1181 1462 1205 πε-

132 1232 343 1281 ποιηκότας
383 1231 446 1272 οἷα
483 1231 618 1284 λέγειν
656 1231 862 1283 ὀκνήσειεν
900 1231 949 1272 ἄν
990 1248 1049 1273 τις
1091 1231 1132 1271 εὖ
1171 1234 1344 1284 φρονῶν.
1416 1230 1461 1270 τὸ

132 1301 361 1339 τελευταῖον
385 1301 427 1339 δὲ
452 1302 536 1345 νῦν,
564 1298 697 1349 ἐπειδὴ
726 1298 1045 1350 Κερσοβλέπτην
1074 1297 1210 1349 ἠξίουν
1241 1299 1297 1338 ὧν
1329 1297 1461 1339 αὐτοῖς

133 1365 274 1412 ἐδόκει,
317 1365 380 1406 καὶ
418 1367 506 1418 περὶ
544 1365 691 1406 τούτων
727 1365 774 1416 ἦν
810 1366 833 1417 ἡ
871 1364 1040 1416 σπουδή,
1079 1364 1365 1417 προστιθέασιν
1403 1365 1460 1404 δύ’

132 1431 249 1486 αὐτῷ,
285 1431 353 1473 τὸν
388 1434 460 1483 μὲν
492 1432 556 1472 ὅσ’
589 1431 697 1483 ὑμεῖς
730 1432 914 1483 ἀκηκόατ’
950 1431 1213 1485 εἰργασμένον
1245 1430 1357 1477 κακά,
1392 1431 1461 1471 τὸν

131 1498 164 1539 δ’
190 1500 294 1540 ὅλως
318 1499 443 1541 οὐδεὶς
476 1499 581 1540 οἶδεν
610 1500 827 1551 ἀνθρώπων
855 1501 914 1541 τίς
945 1501 1070 1546 ἐστιν,
1099 1497 1298 1551 Εὐδέρκην
1324 1501 1459 1549 ὄνομα.

131 1565 331 1618 τοιγάρτοι
363 1568 426 1606 διὰ
458 1566 580 1613 ταῦτ’,
608 1564 638 1607 ὦ
663 1566 801 1618 ἄνδρες
825 1566 1042 1617 Ἀθηναῖοι,
1068 1565 1201 1618 μικρά,
1229 1566 1254 1606 ἃ
1286 1565 1361 1617 πρὸ
1393 1569 1462 1605 τοῦ

131 1632 274 1685 μεγάλ’
312 1631 374 1683 ἤν,
414 1633 612 1686 φαίνεται,
652 1632 715 1673 καὶ
749 1633 794 1673 τὸ
833 1633 979 1686 πρᾶγμ’
1015 1632 1086 1683 ἤδη
1127 1633 1189 1673 καὶ
1227 1632 1460 1685 πορρωτέρω

132 1700 287 1750 βαδίζει
320 1701 382 1740 καὶ
416 1699 544 1740 οὐκέτι
575 1699 681 1740 ταῦτ’
707 1700 879 1753 ἀπόχρη,
907 1699 998 1740 ἀλλ’
1025 1701 1057 1740 εἰ
1089 1699 1142 1751 μὴ
1170 1700 1232 1739 καὶ
1266 1697 1459 1751 φυλάξεθ’

134 1767 303 1807 ἕκαστον
328 1767 490 1813 τούτων,
519 1767 679 1808 ἐκείνων
704 1766 740 1819 γ’
766 1767 927 1818 οὐδεμία
951 1766 1080 1821 χάρις,
1108 1767 1159 1808 ὡς
1184 1767 1324 1807 ἔοικεν.

199 1836 281 1873 Τοῦ
311 1833 446 1884 μέντοι
479 1832 586 1874 ταῦθ’
620 1835 744 1876 οὕτως
774 1834 950 1888 αἰσχρῶς
979 1832 1307 1886 προεληλυθέναι,
1335 1834 1368 1873 εἶ
1402 1835 1463 1873 δεῖ

133 1901 231 1950 μετὰ
250 1901 470 1952 παρρησίας
490 1901 614 1940 εἰπεῖν
634 1901 797 1951 τάληθῆ,
819 1900 976 1943 οὐδένες
994 1899 1114 1952 ὑμῶν,
1136 1897 1166 1940 ὦ
1185 1899 1323 1952 ἄνδρες
1341 1899 1458 1949 Ἀθη-

134 1969 247 2017 ναῖοι,
273 1967 430 2018 μᾶλλόν
454 1967 559 2007 εἰσιν
590 1968 722 2007 αἴτιοι.
792 1967 881 2008 οὐδὲ
912 1968 986 2020 γὰρ
1012 1968 1121 2018 δίκην
1147 1967 1205 2007 ἔτι
1233 1965 1460 2017 λαμβάνειν

134 2032 291 2074 ἐθέλετε
321 2035 426 2085 παρὰ
455 2036 533 2073 τῶν
568 2033 823 2080 ἀδικούντων,
851 2034 958 2074 ἀλλὰ
989 2035 1051 2074 καὶ
1084 2033 1188 2074 τοῦτ’
1220 2032 1461 2084 ἐξελήλυθεν

176 2154 196 2173 2
219 2146 285 2174 τῶν
301 2143 342 2174 τὰ
359 2166 366 2174 .
387 2167 394 2174 .
413 2166 420 2173 .
441 2142 574 2182 ἑτοίμως
590 2142 672 2173 secl.
692 2143 800 2173 Cobet
911 2152 927 2181 7
951 2142 1012 2182 μὲν
1028 2142 1137 2174 τοίνυν
1155 2142 1180 2172 F
1283 2143 1302 2172 8
1327 2143 1460 2183 πρώτων

135 2186 280 2225 Lobeck,
308 2185 348 2217 cf.
376 2186 434 2216 xxi
462 2196 544 2225 175:
575 2190 700 2228 πρῶτον
725 2185 822 2217 codd.
975 2196 1010 2216 11
1044 2185 1246 2225 προσέθηκαν
1270 2188 1354 2226 αὐτῷ
1378 2185 1458 2216 secl.

134 2229 234 2260 Blass
409 2239 446 2269 14
479 2229 579 2270 αὐτῷ]
610 2231 766 2261 αὐτουτωι
792 2229 827 2268 S,
856 2228 918 2262 i.e.
947 2228 986 2261 αὖ
1009 2228 1115 2269 τούτῳ
1140 2230 1216 2267 (sed
1241 2242 1299 2261 του
1324 2229 1460 2269 punctis

134 2273 303 2312 notatum)
477 2283 513 2311 ¹5
539 2274 614 2304 ἀλλ’
632 2283 697 2303 om.
718 2271 755 2303 Sl
768 2272 800 2303 A
974 2282 1017 2303 20
1039 2273 1077 2304 ὃν
1092 2277 1172 2303 ante
1189 2273 1291 2305 οὐδεὶς
1309 2272 1398 2312 (οὐδὲ
1416 2272 1460 2305 εἷς

134 2315 245 2357 Blass)
263 2316 337 2347 add.
357 2315 445 2355 vulg.
464 2327 470 2346 :
493 2326 558 2346 om.
578 2316 601 2346 S
615 2315 685 2346 ΥΟ
836 2324 873 2346 21
900 2315 1004 2357 μικρά,
1025 2315 1044 2347 ἃ
1061 2325 1128 2346 om.
1149 2312 1186 2346 S¹
1351 2325 1393 2355 23
1415 2317 1459 2355 μὴ

133 2364 212 2390 ante
228 2361 279 2392 καὶ
297 2359 406 2390 Cobet
422 2371 428 2390 ε
452 2364 528 2398 post
546 2359 597 2390 καὶ
614 2357 710 2389 codd.

178 2423 365 2451 DEMOS'111.,
386 2422 460 2442 νοι..
483 2422 519 2443 11.
1291 2413 1331 2444 14

1489 124 1604 179 [687]

1492 646 1559 671 202

1493 832 1609 886 [688]

1491 1247 1558 1282 203

1490 1847 1558 1879 204
