1737 2734
177 175 292 229 xx1v]
512 180 671 218 ΚΑΤΑ
718 181 1171 220 ΤΙΜΟΚΡΑΤΟΎΣ
1539 185 1644 239 [710]

175 283 305 336 χρόνῳ
330 281 560 333 ποιήσασαν
586 284 825 335 ἱερομηνίαν,
848 283 969 334 αὐτὴν
995 286 1036 325 δὲ
1061 284 1113 336 μὴ
1134 285 1393 340 τετυχηκέναι
1414 287 1502 326 ταύ-
1537 289 1643 343 [710]

174 366 243 399 της
278 350 347 399 τῆς
383 350 611 400 ἀσφαλείας
650 351 755 401 παρὰ
791 350 1076 402 Τιμοκράτους,
1115 352 1208 392 ἀλλ’
1245 354 1288 393 ἐν
1325 353 1421 410 αὐτῇ
1456 354 1503 409 τῇ

175 417 376 470 ἱερομηνίᾳ
395 417 443 455 τὰ
460 415 621 468 μέγιστ’
640 416 872 467 ἠδικῆσθαι;
912 419 954 458 τί
970 420 1044 470 γὰρ
1061 418 1107 458 ἄν
1124 436 1182 461 τις
1197 420 1331 470 μεῖζον
1350 419 1504 470 ἠδίκησ’

175 483 329 532 ἰδιώτης
355 482 453 534 ἀνὴρ
478 480 500 532 ἢ
523 483 728 524 καταλύων
748 483 839 525 τοὺς
861 484 1001 534 νόμους
1021 485 1152 535 αὐτῆς,
1174 486 1222 526 δι’
1242 488 1296 527 ὧν
1321 488 1501 533 οἷκεῖται;

136 568 152 598 5
233 548 328 589 “Ort
364 551 437 600 μὲν
468 550 600 590 τοίνυν
634 551 746 590 οὐδὲν
780 551 835 590 ῶν
870 550 1069 602 προσῆκέν
1102 568 1144 592 τε
1177 553 1240 593 καὶ
1274 553 1503 594 κελεύουσιν
1535 570 1578 606 32

173 617 209 655 οἱ
236 616 348 665 νόμοι
368 617 593 666 πεποίηκεν,
613 618 668 659 εἰς
687 618 735 656 τὰ
755 617 1021 669 προειρημένα
1041 635 1099 661 τις
1125 623 1287 659 σκοπῶν
1307 620 1355 661 ἂν
1375 622 1502 673 γνοίη.

173 683 232 722 ὅτι
261 682 294 721 δ’
328 682 372 722 οὐ
400 684 522 732 μόνον
553 684 651 723 κατὰ
681 683 784 724 τοῦτ’
816 684 952 729 ἀδικεῖ,
984 686 1017 725 εἰ
1046 688 1232 738 παραβὰς
1261 686 1329 727 τὸν
1358 688 1504 741 χρόνον

172 749 240 788 τὸν
265 750 307 788 ἐκ
332 753 410 789 τῶν
430 750 559 800 νόμων
586 750 648 790 καὶ
675 749 720 790 τὸ
745 751 1052 801 βουλεύσασθαι
1078 751 1138 792 καὶ
1164 752 1397 805 σκέψασθαι
1416 754 1505 806 περὶ

171 815 320 855 τούτων
344 817 443 866 ὑμᾶς
470 820 675 859 παντελῶς
697 818 851 858 ἀνελὼν
871 818 993 869 οὔσης
1019 820 1242 870 ἱερομηνίας
1267 820 1503 872 ἐνομοθέτει,

117 899 153 920 ιο
172 882 277 922 ἀλλὰ
309 883 369 922 καὶ
401 882 484 923 κατ’
514 884 652 929 ἐκεῖνο,
683 885 743 924 ὅτι
774 887 898 925 πᾶσιν
929 886 1108 926 ἐναντίον
1137 886 1393 941 εἰσενήνοχεν
1422 891 1504 930 τοῖς

171 948 261 988 οὖσι
286 949 433 999 νόμοις,
456 950 594 990 αὐτίκα
615 950 660 1000 δὴ
685 950 779 1001 μάλ’
799 952 974 1004 ἀκριβῶς
998 951 1244 1002 μαθήσεσθε.
1304 954 1503 1006 ἀνάγνωθι

172 1015 214 1056 δέ
236 1033 303 1066 μοι
326 1017 468 1066 λαβὼν
498 1018 652 1057 τουτονὶ
679 1021 834 1069 πρῶτον
863 1017 933 1058 τὸν
965 1019 1101 1070 νόμον,
1129 1018 1172 1062 ὃς
1197 1019 1409 1073 διαρρήδην
1433 1021 1502 1061 οὐκ

172 1083 215 1137 ἐᾷ
251 1083 373 1133 νόμον
410 1082 536 1124 οὐδέν’
574 1085 753 1125 ἐναντίον
789 1084 1005 1137 εἰσφέρειν,
1036 1087 1105 1127 ἐὰν
1142 1086 1185 1128 δέ
1221 1104 1279 1129 τις
1316 1087 1500 1145 εἰσφέρῃ,

171 1147 400 1202 γράφεσθαι
426 1150 589 1192 κελεύει.
660 1151 950 1204 ἀναγίγνωσκε.

755 1282 912 1312 ΝΟΜΟΣ.

223 1352 302 1387 Τῶν
322 1349 361 1388 δὲ
382 1350 501 1399 νόμων
527 1353 597 1388 τῶν
624 1351 795 1399 κειμένων
820 1351 872 1400 μὴ
897 1351 1027 1396 ἐξεῖναι
1050 1353 1166 1389 λῦσαι
1192 1352 1341 1401 μηδένα,
1364 1355 1426 1391 ἐὰν
1446 1354 1499 1404 μὴ
1530 1365 1572 1400 33

170 1406 207 1441 ἐν
232 1404 459 1453 νομοθέταις.
516 1405 599 1442 τότε
627 1404 656 1442 δ’
680 1405 810 1450 ἐξεῖναι
833 1408 883 1456 τῷ
909 1406 1130 1458 βουλομένῳ
1156 1405 1360 1455 Ἀθηναίων
1384 1408 1498 1453 λύειν,

170 1459 292 1507 ἕτερον
314 1458 448 1496 τιθέντι
469 1459 546 1497 ἀνθ’
574 1460 660 1497 ὅτου
687 1458 730 1497 ἂν
755 1461 838 1510 λύῃ.
897 1459 1183 1510 διαχειροτονίαν
1211 1461 1250 1499 δὲ
1273 1464 1391 1500 ποιεῖν
1415 1463 1500 1503 τοὺς

169 1512 365 1562 προέδρους
384 1514 467 1562 περὶ
488 1514 624 1551 τούτων
644 1516 714 1551 τῶν
734 1514 864 1562 νόμων,
881 1517 1025 1563 πρῶτον
1045 1517 1113 1564 μὲν
1132 1516 1215 1564 περὶ
1235 1519 1300 1554 τοῦ
1321 1517 1495 1566 κειμένου.

113 1581 151 1605 20
171 1569 200 1604 εἷ
220 1567 320 1605 δοκεῖ
338 1568 538 1616 ἐπιτήδειος
558 1568 648 1605 εἶναι
667 1571 717 1619 τῷ
736 1568 838 1619 δήμῳ
858 1571 909 1620 τῷ
928 1567 1132 1617 Ἀθηναίων
1152 1569 1174 1618 ἦ
1196 1571 1248 1617 οὕ,
1272 1572 1396 1608 ἔπειτα
1416 1573 1499 1621 περὶ

170 1623 234 1658 τοῦ
264 1621 465 1671 τιθεμένου.
534 1622 710 1671 ὁπότερον
741 1621 771 1660 δ’
805 1622 848 1660 ἂν
880 1623 1194 1674 χειροτονήσωσιν
1225 1626 1259 1662 οἱ
1290 1625 1497 1674 νομοθέται,

169 1678 299 1713 τοῦτον
327 1677 449 1725 κύριον
475 1676 575 1714 εἶναι.
635 1677 797 1714 ἐναντίον
823 1677 861 1715 δὲ
887 1678 1000 1726 νόμον
1024 1678 1077 1727 μὴ
1105 1678 1236 1723 ἐξεῖναι
1262 1679 1399 1717 τιθέναι
1427 1683 1498 1718 τῶν

170 1730 289 1779 νόμων
311 1733 383 1768 τῶν
409 1731 579 1780 κειμένων
604 1731 744 1780 μηδενί.
803 1733 866 1769 ἐὰν
891 1731 932 1769 δέ
955 1748 1009 1772 τις
1034 1733 1154 1772 λύσας
1179 1735 1260 1771 τινὰ
1283 1736 1354 1772 τῶν
1378 1734 1499 1784 νόμων

169 1787 239 1821 τῶν
260 1786 430 1834 κειμένων
451 1786 573 1834 ἕτερον
593 1785 722 1836 ἀντιθῇ
736 1785 788 1835 μὴ
809 1785 1011 1834 ἐπιτήδειον
1030 1789 1081 1836 τῷ
1101 1787 1203 1838 δήμῳ
1224 1790 1274 1839 τῷ
1293 1787 1499 1837 Ἀθηναίων

111 1852 148 1885 25
169 1837 192 1886 ἢ
220 1839 382 1877 ἐναντίον
404 1843 475 1877 τῶν
502 1840 674 1889 κειμένων
696 1856 757 1891 τῳ,
778 1842 843 1880 τὰς
868 1843 1017 1892 γραφὰς
1045 1841 1135 1879 εἶναι
1163 1842 1240 1879 κατ’
1263 1844 1374 1880 αὐτοῦ
1405 1845 1497 1881 κατὰ
1529 1840 1624 1895 [711]

168 1892 232 1930 τὸν
251 1893 363 1942 νόμον
383 1892 422 1933 ὃς
443 1896 555 1931 κεῖται
576 1895 638 1932 ἐάν
657 1910 711 1934 τις
730 1894 783 1943 μὴ
804 1894 1007 1943 ἐπιτήδειον
1028 1895 1075 1946 θῇ
1094 1896 1218 1945 νόμον.

235 2004 462 2045 Ἠκούσατε
494 2007 566 2055 μὲν
598 2008 665 2044 τοῦ
697 2005 831 2056 νόμου·
871 2009 1034 2046 πολλῶν
1067 2008 1108 2047 δὲ
1143 2010 1273 2049 καλῶς
1308 2007 1496 2058 κειμένων
1527 2022 1572 2057 34

169 2071 298 2121 νόμων
333 2071 379 2127 τῇ
413 2072 529 2111 πόλει
561 2070 720 2113 οὐδενὸς
752 2071 870 2122 ἧττον
905 2072 1074 2124 ἡγοῦμαι
1109 2074 1170 2113 καὶ
1203 2077 1341 2114 τοῦτον
1378 2073 1495 2125 ἀξίως

168 2138 330 2178 ἐπαίνου
356 2137 593 2189 γεγράφθαι.
659 2137 872 2190 σκέψασθε
901 2139 977 2191 γὰρ
1001 2139 1053 2182 ὡς
1077 2141 1235 2182 δικαίως
1261 2140 1323 2180 καὶ
1350 2141 1495 2193 σφόδρ’

108 2218 149 2248 30
167 2204 263 2256 ὑπὲρ
304 2207 372 2244 τοῦ
414 2203 537 2255 δήμου
579 2208 713 2245 κεῖται.
784 2205 851 2244 οὐκ
890 2207 935 2260 ἐᾷ
976 2209 1059 2248 τοῖς
1095 2206 1321 2259 ὑπάρχουσι
1360 2208 1495 2258 νόμοις

168 2271 347 2311 ἐναντίον
383 2270 600 2323 εἰσφέρειν,
635 2273 705 2311 ἐὰν
739 2271 791 2321 μὴ
827 2272 933 2328 λύσῃ
970 2272 1038 2312 τὸν
1073 2273 1264 2325 πρότερον
1301 2275 1493 2324 κείμενον.

214 2390 251 2409 12
275 2383 402 2421 πρῶτον
417 2382 545 2412 τουτονὶ
562 2380 592 2410 Α
741 2390 778 2419 13
802 2381 899 2420 νόμον
915 2381 1028 2414 οὐδένα
1045 2382 1069 2412 S
1087 2381 1127 2412 al.
1148 2393 1154 2412 ε
1178 2386 1244 2414 τῶν
1261 2382 1364 2422 νόμων
1381 2384 1495 2417 οὐδένα

168 2421 208 2452 L¹
224 2434 231 2452 :
255 2433 319 2453 om.
336 2423 367 2452 A
500 2434 541 2453 22
566 2425 624 2455 τὸν
639 2429 718 2454 ante
735 2425 842 2465 κύριον
857 2426 932 2456 add.
954 2425 977 2456 S
993 2436 998 2454 :
1024 2436 1090 2456 om.
1111 2430 1189 2456 cett.
1316 2437 1357 2465 24
1383 2429 1494 2470 ἀντιθῇ

169 2464 206 2496 S¹
221 2465 251 2496 A
267 2465 331 2497 FY
344 2466 374 2497 O
391 2478 398 2497 z
422 2468 567 2509 ἀντιτιθῇ
585 2467 609 2497 S
627 2477 713 2498 corr.
734 2468 774 2498 al.
909 2470 951 2499 28
974 2468 1075 2506 ἧττον
1091 2479 1155 2500 om.
1175 2468 1212 2500 5¹

1304 2514 1362 2544 15*
