1737 2734
106 845 143 866 10

105 1178 139 1209 15

102 1512 141 1533 20

102 1846 138 1877 25

168 122 281 174 xxvt]
426 121 555 162 KAT‘
606 121 1155 163 ΑΡΙΣΤΟΓΕΙΤΟΝΟΣ
1205 124 1234 160 Β

163 229 312 270 ὄνειδός
344 229 467 274 ἐστιν,
494 228 631 280 ἄνδρες
661 229 855 273 δικασταί,
884 229 930 284 τῇ
962 228 1076 268 πόλει
1101 225 1305 279 γιγνόμεν’
1331 227 1395 267 ἐπὶ
1424 229 1493 265 τοῦ

162 294 354 345 βήματος,
382 296 443 335 καὶ
472 297 535 335 διὰ
563 297 633 337 τὰς
661 295 810 335 τούτων
835 295 1024 336 ἀπονοίας
1052 295 1324 335 ἐπονείδιστον
1348 292 1423 343 ἤδη
1448 291 1494 332 τὸ

163 362 444 402 πολιτεύεσθαι
473 363 577 413 παρὰ
607 365 688 403 τοῖς
717 360 934 402 ἐπιεικέσιν
963 362 1070 412 ὑμῶν
1097 362 1220 401 ἐστιν.
1294 360 1328 401 εἰ
1361 357 1395 400 δ’
1424 358 1493 400 οὖν

162 445 237 468 τινι
267 428 371 468 τοῦθ’
402 430 508 479 ὑμῶν
538 430 580 468 ἐν
609 428 730 485 ἡδονῇ
759 426 1036 479 συμβέβηκεν,
1064 427 1132 467 οὐκ
1162 425 1385 479 ἀπορήσετε
1413 429 1493 466 τῶν

162 499 322 534 τοιαῦτα
357 496 620 545 ποιησόντων,
655 495 740 535 ἐπεὶ
777 495 840 535 καὶ
876 497 943 535 νῦν
975 493 1125 545 μεστὸν
1156 493 1201 534 τὸ
1232 492 1331 544 βῆμ’
1365 493 1490 533 ἐστίν.

163 562 206 601 οὐ
247 563 321 613 γὰρ
357 563 539 612 ἐπιτιμᾶν
577 565 658 603 τοῖς
698 560 1118 612 συμβεβουλευμένοις
1154 560 1347 614 χαλεπόν,
1384 559 1491 600 ἀλλὰ

162 631 464 678 συμβουλεῦσαι
489 629 550 668 καὶ
576 629 714 669 πεῖσαί
736 645 772 668 τι
797 632 875 668 τῶν
899 629 1069 668 δεόντων
1093 628 1191 678 ὑμᾶς
1209 627 1487 679 ψηφίσασθαι.

162 694 258 745 πρὸς
283 697 325 735 δὲ
351 696 513 741 τούτοις,
542 696 575 735 εἰ
603 697 675 745 μὲν
699 694 752 745 μὴ
778 695 839 734 καὶ
864 695 1053 746 πρότερον
1077 697 1159 736 τοῖς
1184 693 1315 735 αὐτοῖς
1340 693 1491 734 τούτοις

162 761 365 814 χρώμενος
393 762 530 814 λόγοις
554 760 803 812 ἐξηπάτησεν
827 763 939 811 ὑμᾶς,
965 760 1021 801 ὅτ’
1048 761 1275 813 ἠγωνίσατο
1298 760 1369 810 τὴν
1394 776 1488 811 προ-

162 826 279 879 τέραν
294 827 471 878 ἔνδειξιν,
490 827 537 878 ῆν
552 830 624 878 μὲν
640 827 720 868 οὐδ’
735 829 834 868 οὕτω
852 829 1000 868 δίκαιον
1016 829 1122 880 παρὰ
1137 827 1226 869 τοὺς
1240 826 1491 880 ὑπάρχοντας

162 894 305 943 νόμους
322 911 360 934 τι
379 898 604 948 συγχωρεῖν
621 894 680 944 (οὐ
705 897 764 935 δεῖ
782 897 856 947 γὰρ
875 897 1117 946 παρανομεῖν
1136 894 1276 936 δόντας
1294 894 1377 933 τισὶ
1401 893 1492 936 τοὺς

161 960 309 1001 ἄλλους
333 963 430 1001 κατὰ
451 961 541 1002 τοὺς
561 961 702 1012 νόμους
727 960 863 1012 ἀξιοῦν
882 959 1094 1014 πράττειν),
1117 960 1162 1001 οὐ
1184 960 1262 1012 μὴν
1281 959 1373 1001 ἀλλ’
1392 961 1491 1002 ἴσως

162 1026 198 1077 γ’
233 1026 500 1079 εὐλογώτερον
536 1027 583 1078 ἤν
616 1028 661 1068 τὸ
697 1032 908 1069 πιστεῦσαι
945 1029 1007 1068 καὶ
1045 1028 1391 1080 καταχαρίσασθαι
1427 1028 1490 1068 καὶ

163 1093 355 1144 προέσθαι
380 1111 416 1134 τι
442 1098 521 1134 τῶν
540 1095 740 1136 τοιούτων.
801 1094 934 1144 ἐπειδὴ
961 1097 1001 1135 δὲ
1027 1094 1107 1135 τότ’
1128 1093 1297 1147 ἀφέντες
1323 1093 1387 1134 ἐπὶ
1405 1097 1490 1135 ταῖς

161 1160 498 1213 ὁμολογουμέναις
531 1163 706 1207 ἐλπίσιν,
741 1162 881 1213 μικρὸν
912 1162 1079 1213 ὕστερον
1103 1161 1172 1201 τὸν
1195 1160 1313 1201 αὐτὸν
1337 1164 1487 1206 τοῦτον,

162 1227 212 1268 ὡς
243 1227 465 1279 πράττοντα
495 1229 557 1268 καὶ
590 1228 762 1280 λέγοντα
793 1228 845 1279 μὴ
877 1230 924 1268 τὰ
956 1228 1100 1280 ἄριστα
1128 1231 1181 1282 τῷ
1215 1226 1335 1282 δήμῳ,
1367 1226 1489 1267 πάλιν

160 1293 396 1340 ἐκολάσατε,
416 1296 475 1336 τίς
499 1295 757 1335 ὑπολείπεται
782 1298 932 1348 σκῆψις
955 1297 1046 1346 ὑμῖν
1064 1295 1326 1347 ἁρμόττουσα,
1347 1293 1396 1334 ἂν
1421 1297 1490 1334 νῦν

160 1364 504 1413 παρακρουσθῆτε;
543 1363 597 1402 ὧν
626 1364 698 1412 μὲν
727 1363 802 1413 γὰρ
831 1362 932 1416 ἔργῳ
963 1365 1101 1414 πεῖραν
1131 1360 1336 1411 εἰλήφατε,
1362 1361 1404 1401 τί
1432 1363 1492 1401 δεῖ

160 1431 241 1470 τοῖς
270 1429 408 1481 λόγοις
433 1429 653 1475 πιστεύειν;
691 1429 746 1468 ὧν
770 1430 811 1469 δὲ
842 1428 1002 1479 μηδέπω
1027 1428 1098 1478 τὴν
1123 1428 1359 1478 δοκιμασίαν
1383 1426 1489 1480 ἔχετ’

160 1496 305 1546 ἀκριβῆ
331 1495 422 1548 παρ’
445 1496 536 1546 ὑμῖν
560 1495 704 1541 αὐτοῖς,
733 1496 774 1535 ἐκ
800 1499 877 1536 τῶν
900 1494 1127 1547 λεγομένων
1152 1496 1250 1536 ἴσως
1274 1494 1490 1546 ἀναγκαῖόν

159 1563 248 1602 ἐστι
273 1563 430 1614 κρίνειν.
503 1561 684 1613 θαυμάζω
715 1561 748 1601 δ’
774 1562 900 1614 ἔγωγε
930 1566 1008 1602 τῶν
1036 1563 1158 1603 οὕτως
1186 1562 1361 1614 ἐχόντων
1384 1562 1489 1601 ὥστε

160 1631 206 1668 τὰ
247 1631 319 1679 μὲν
361 1631 440 1670 ἴδια
481 1633 561 1671 τοῖς
602 1631 645 1669 ἐκ
685 1632 764 1669 τῶν
801 1629 1136 1680 παρεληλυθότων
1177 1628 1333 1681 χρόνων
1374 1627 1488 1668 οῧσιν

160 1695 364 1744 ἐπιεικέσι,
399 1696 551 1738 τούτοις
584 1696 984 1747 παρακατατίθεσθαι,
1014 1697 1062 1735 τὰ
1094 1695 1128 1736 δ’
1160 1697 1203 1735 ἐν
1231 1700 1278 1751 τῇ
1307 1695 1487 1748 πολιτείᾳ

160 1764 270 1802 κοινὰ
295 1766 376 1804 τοῖς
402 1761 728 1815 ὁμολογουμένως
747 1761 1075 1814 ἐξεληλεγμένοις
1099 1761 1189 1802 οὖσι
1208 1761 1378 1814 φαύλοις
1402 1762 1486 1802 ἐπι-

159 1828 328 1880 τρέπειν.
389 1830 452 1870 καὶ
479 1830 574 1869 κύνα
597 1831 669 1880 μὲν
690 1829 754 1870 ἐπὶ
780 1830 949 1880 ποίμνην
974 1830 1120 1881 ἀγεννῆ
1147 1828 1208 1869 καὶ
1227 1831 1384 1880 φαῦλον
1407 1827 1488 1868 οὐδ’

158 1894 207 1935 ἂν
241 1897 297 1937 εἷς
331 1895 561 1946 ἐπιστήσειε
591 1895 822 1947 φυλάττειν·
871 1896 936 1936 ἐπὶ
967 1898 1008 1936 δὲ
1040 1895 1129 1937 τοὺς
1158 1897 1207 1935 τὰ
1242 1896 1351 1935 κοινὰ
1366 1893 1487 1946 πράτ-

159 1978 298 2003 τοντας
327 1963 415 2004 τοὺς
442 1963 634 2016 τυχόντας
662 1963 892 2014 ἀνθρώπους
922 1963 1050 2015 φασὶν
1080 1963 1177 2002 ἔνιοι
1201 1962 1384 2014 φύλακας
1408 1964 1490 2001 δεῖν

206 2084 218 2104 1
245 2076 287 2116 τῇ
309 2073 405 2105 πόλει
428 2074 606 2115 ’γιγνόμενα
625 2073 678 2104 A:
709 2074 888 2115 γιγνόμενα
910 2076 951 2116 τῇ
975 2073 1070 2106 πόλει
1092 2072 1152 2104 Fl:
1184 2074 1225 2105 τὰ
1248 2072 1426 2113 γιγνόμενα
1448 2074 1490 2114 τῇ

159 2116 254 2149 πόλει
280 2116 391 2147 SYO
408 2117 430 2147 F
455 2127 540 2148 corr.
711 2128 731 2155 4
763 2119 825 2149 τινὶ
850 2117 937 2149 τοῦθ’
963 2117 987 2148 S
1012 2117 1079 2148 aL:
1110 2118 1173 2149 τινὶ
1200 2116 1247 2146 F:
1277 2115 1380 2148 ταῦτά
1404 2127 1490 2147 τισιν

158 2159 189 2190 Α
332 2162 353 2190 6
388 2160 699 2199 συμβουλευομένοις
721 2160 753 2191 Α
896 2171 913 2200 7
946 2162 997 2193 καὶ
1021 2166 1102 2192 ante
1126 2161 1369 2197 συμβουλεῦσαι
1395 2161 1490 2198 (cvp-

159 2207 377 2241 βεβουλευσαι
410 2203 450 2244 S)
481 2204 557 2234 add.
586 2203 719 2235 SYO:
757 2214 823 2235 om.
851 2209 928 2235 cett.
1081 2215 1102 2243 9
1135 2201 1336 2245 ἠγωνίσατο]
1363 2202 1489 2243 ηγωνή-

160 2259 242 2279 σατο
266 2246 312 2277 S:
345 2246 522 2288 ἠγωνίζετο
545 2247 575 2277 Α
589 2247 614 2277 F
764 2257 804 2278 10
833 2250 873 2280 τὸ
897 2248 980 2289 παρὰ
1003 2247 1071 2278 AF
1223 2256 1257 2276 11
1292 2247 1331 2278 τὸ
1353 2258 1489 2287 παρανο-

158 2292 230 2328 μεῖν
247 2289 276 2323 Α
413 2299 451 2329 15
482 2291 754 2331 ὁμολογουμέναις
779 2291 956 2322 SAYO:
988 2290 1186 2330 μελλούσαις
1211 2289 1246 2326 F,
1275 2290 1314 2320 cf.
1342 2289 1422 2319 xviii
1447 2289 1490 2328 89

159 2343 200 2362 22
231 2334 500 2374 παρεληλυθότων
523 2333 613 2373 vulg.
633 2345 640 2364 z
671 2334 880 2375 παρελθότων
904 2334 952 2364 S:
983 2334 1210 2375 παρελθόντων
1234 2333 1266 2363 Α
1381 2341 1488 2371 23—24

158 2377 498 2417 παρακατατιθεμένων
516 2400 522 2407 .
543 2400 550 2407 .
571 2400 578 2407 .
601 2377 838 2418 ἐπιτρεπόντων
854 2378 885 2408 Α
900 2378 934 2416 F,
955 2377 995 2408 cf.
1013 2389 1034 2408 x
1051 2388 1103 2416 40,
1119 2377 1176 2407 xlv
1193 2377 1235 2416 83
1351 2386 1391 2414 24
1416 2377 1487 2415 ὄμο-

158 2420 366 2460 λογουμένοις
382 2421 433 2452 καὶ
452 2419 477 2450 F
610 2429 650 2458 25
675 2421 820 2460 ποίμνιον
838 2420 863 2451 F

1522 122 1626 176 [806
1631 122 1643 176 j

1522 706 1567 731 20

1520 1110 1559 1135 21

1520 1574 1538 1599 Ν

1546 1575 1562 1599 N

1518 1694 1632 1749 [807]
