1737 2734
175 156 262 210 xxl]
595 162 755 200 ΚΑΤΑ
808 162 1080 199 ΜΕΙΔΙΟΎ
1537 161 1654 216 [539]

173 265 363 320 πατρῴων
386 269 469 308 τοῖς
487 267 724 317 ἐπιτρόποις,
745 266 1027 318 μειρακύλλιον
1048 264 1102 305 ὢν
1123 265 1259 320 κομιδῇ
1282 263 1343 304 καὶ
1363 268 1504 304 τοῦτον

173 333 253 372 οὐδ’
281 334 314 373 εἰ
345 332 477 385 γέγον’
504 333 615 374 εἰδὼς
644 334 732 374 οὐδὲ
763 333 999 385 γιγνώσκων
1025 332 1076 373 ὡς
1105 334 1202 383 μηδὲ
1233 335 1303 372 νῦν
1329 331 1502 383 ὤφελον,

172 400 261 440 τότε
290 416 357 450 μοι
378 404 616 450 μελλουσῶν
638 399 805 440 εἰσιέναι
829 403 906 440 τῶν
933 402 1051 439 δικῶν
1077 400 1130 440 εἰς
1155 397 1304 450 ἡμέραν
1329 398 1504 450 ὡσπερεὶ

172 465 362 518 τετάρτην
400 463 422 515 ἢ
459 466 642 516 πέμπτην
681 465 953 516 εἰσεπήδησαν
990 465 1168 518 ἁδελφὸς
1205 467 1225 504 ὁ
1261 465 1402 505 τούτου
1440 466 1504 506 καὶ

133 551 150 581 5
172 533 284 574 οὗτος
310 534 365 574 εἰς
383 532 455 582 τὴν
474 534 602 573 οἰκίαν
628 533 893 574 ἀντιδιδόντες
909 534 1181 585 τριηραρχίαν.
1241 532 1413 583 τοῦνομα
1431 535 1504 582 μὲν

171 599 216 648 δὴ
236 599 442 652 παρέσχεν
461 600 621 646 ἐκεῖνος,
645 601 707 640 καὶ
727 598 774 649 ἦν
795 600 815 639 ὁ
844 599 1062 640 ἀντιδιδοὺς
1082 599 1365 651 Θρασύλοχος·
1402 600 1450 638 τὰ
1469 599 1502 639 δ’
1533 598 1647 653 [540]

172 667 267 717 ἔργα
286 665 399 706 πάντ’
421 665 468 716 ἦν
498 666 560 706 καὶ
585 668 633 706 τὰ
658 667 909 718 πραττόμενα
933 666 1009 706 ὑπὸ
1034 666 1186 706 τούτου.
1260 666 1322 705 καὶ
1348 670 1503 717 πρῶτον
1533 680 1577 715 79

170 735 242 782 μὲν
274 732 522 786 κατέσχισαν
551 735 622 775 τὰς
655 733 772 784 θύρας
805 737 883 773 τῶν
917 732 1154 783 οἰκημάτων,
1187 732 1238 774 ὡς
1270 732 1399 772 αὐτῶν
1428 732 1502 783 ἤδη

171 799 408 850 γιγνομένας
427 801 524 839 κατὰ
543 800 615 850 τὴν
635 801 852 840 ἀντίδοσιν·
891 800 976 840 εἶτα
1001 801 1070 849 τῆς
1090 800 1281 851 ἀδελφῆς,
1310 799 1363 839 ἔτ’
1389 799 1503 840 ἔνδον

112 882 150 903 ιο
169 862 322 917 [οὔσης]
351 867 441 906 τότε
475 866 536 905 καὶ
567 866 706 908 παιδὸς
735 867 858 916 οὔσης
888 867 1018 918 κόρης,
1051 867 1232 906 ἐναντίον
1264 865 1501 918 ἐφθέγγοντ’

169 934 319 986 αἰσχρὰ
345 933 406 972 καὶ
431 932 578 973 τοιαῦθ’
603 932 653 973 οῖ’
678 932 726 972 ἂν
751 933 951 985 ἄνθρωποι
979 936 1152 973 τοιοῦτοι
1176 931 1419 985 φθέγξαιντο
1442 932 1502 983 (οὐ

168 1000 244 1050 γὰρ
260 999 387 1051 ἔγωγε
403 1001 648 1053 προαχθείην
664 999 712 1039 ἂν
729 1001 854 1040 εἰπεῖν
871 999 968 1052 πρὸς
988 1000 1086 1050 ὑμᾶς
1100 1002 1178 1039 τῶν
1194 1000 1283 1039 τότε
1299 999 1501 1051 ῥηθέντων

169 1065 309 1114 οὐδέν),
332 1067 395 1106 καὶ
414 1066 485 1116 τὴν
501 1066 649 1118 μητέρα
671 1066 767 1116 κάμὲ
785 1066 847 1106 καὶ
867 1065 1019 1107 πάντας
1033 1066 1135 1117 ἡμᾶς
1149 1067 1248 1118 ῥητὰ
1269 1066 1333 1106 καὶ
1353 1065 1499 1118 ἄρρητα

169 1132 253 1172 κάκ’
300 1131 470 1183 ἐξεῖπον·
534 1132 554 1172 ὃ
596 1132 629 1172 δ’
669 1133 738 1173 οὖν
777 1133 1003 1173 δεινότατον
1044 1134 1106 1173 καὶ
1148 1133 1193 1172 οὐ
1231 1133 1364 1184 λόγος,
1406 1133 1498 1173 ἀλλ’

111 1214 146 1246 15
169 1200 285 1251 ἔργον
315 1199 402 1250 ᾔδη’
453 1201 523 1241 τὰς
553 1200 663 1241 δίκας
693 1199 745 1241 ὡς
776 1199 904 1240 αὐτῶν
934 1200 1058 1241 οὔσας
1093 1200 1269 1252 ἀφίεσαν
1299 1202 1381 1240 τοῖς
1411 1201 1494 1240 ἐπι-

167 1266 340 1317 τρόποις.
413 1267 476 1306 καὶ
501 1266 606 1306 ταῦτ’
628 1266 715 1307 ἐστὶ
739 1268 812 1317 μὲν
837 1266 1001 1312 παλαιά,
1023 1267 1127 1317 ὅμως
1152 1265 1195 1306 δέ
1219 1283 1328 1308 τινας
1346 1283 1495 1317 μνημο-
1528 1273 1573 1308 80

167 1332 293 1373 νεύειν
318 1335 425 1384 ὑμῶν
448 1335 593 1384 οἴομαι·
630 1334 704 1383 ὅλη
730 1335 806 1385 γὰρ
829 1333 852 1383 ἡ
879 1333 995 1374 πόλις
1015 1333 1087 1383 τὴν
1112 1333 1318 1373 ἀντίδοσιν
1339 1334 1401 1373 καὶ
1425 1332 1498 1383 τὴν

167 1400 390 1450 ἐπιβουλὴν
415 1401 503 1441 τότε
534 1400 679 1450 ταύτην
710 1400 773 1440 καὶ
806 1400 877 1450 τὴν
903 1399 1121 1452 ἀσέλγειαν
1155 1399 1317 1455 ᾔσθετο.
1390 1401 1496 1452 κάγὼ

165 1467 255 1507 τότε
285 1466 541 1508 παντάπασιν
577 1467 720 1519 ἔρημος
750 1466 804 1507 ὢν
841 1467 903 1506 καὶ
941 1466 1029 1509 νέος
1059 1467 1210 1522 κομιδῇ,
1243 1468 1307 1506 ἵνα
1334 1466 1387 1517 μὴ
1417 1471 1496 1507 τῶν

107 1549 145 1570 20
165 1535 268 1585 παρὰ
306 1537 388 1575 τοῖς
430 1535 658 1585 ἐπιτρόποις
701 1535 1026 1586 ἀποστερηθείην,
1071 1533 1144 1587 οὐχ
1191 1533 1256 1573 ὅσ’
1305 1532 1496 1583 ἐδυνήθην

165 1601 484 1651 ἀνακομίσασθαι
521 1604 756 1653 προσδοκῶν
793 1599 1036 1653 εἰσπράξειν,
1069 1600 1160 1641 ἀλλ’
1197 1601 1307 1640 ὅσων
1342 1602 1494 1655 ἐμαυτῷ

165 1666 345 1724 συνῄδειν
380 1668 700 1722 ἀπεστερημένῳ,
737 1667 872 1718 δίδωμ’
906 1669 1033 1708 εἴκοσι
1062 1670 1162 1718 μνᾶς
1194 1668 1358 1713 τούτοις,
1396 1668 1494 1707 ὅσου

163 1734 235 1783 τὴν
259 1735 516 1788 τριηραρχίαν
542 1734 647 1785 ἦσαν
662 1735 971 1785 μεμισθωκότες.
1041 1735 1090 1774 τὰ
1113 1736 1185 1785 μὲν
1205 1734 1250 1784 δὴ
1277 1733 1359 1773 τόθ’
1378 1734 1491 1785 ὑβρί-

164 1817 297 1851 σματα
321 1802 469 1841 τούτων
495 1803 551 1843 εἰς
577 1803 645 1852 ἐμὲ
670 1801 777 1842 ταῦτ’
806 1803 931 1842 ἐστίν.
1001 1802 1112 1852 δίκην
1137 1803 1179 1841 δὲ
1203 1801 1328 1855 τούτῳ
1354 1801 1493 1854 λαχὼν
1524 1805 1564 1839 81

105 1880 140 1911 25
162 1868 329 1920 ὕστερον
367 1870 436 1918 τῆς
481 1870 715 1920 κακηγορίας
755 1869 864 1909 εἷλον
903 1867 1063 1919 ἐρήμην·
1125 1868 1170 1907 οὐ
1210 1869 1286 1920 γὰρ
1324 1866 1490 1917 ἀπήντα.

206 1987 225 2006 2
250 1977 321 2008 οὐδὲ
338 1978 532 2018 γιγνώσκων
548 1977 628 2008 secl.
649 1977 780 2008 Cobet:
804 1978 855 2009 καὶ
878 1979 996 2009 τοῦτον
1018 1979 1074 2008 οὐκ
1092 1978 1181 2008 εἰδὼς
1203 1978 1294 2008 ὅστις
1311 1975 1382 2007 ποτ’
1401 1977 1493 2008 ἐστὶν

162 2019 233 2051 οὐδὲ
249 2021 442 2061 γιγνώσκων
466 2021 612 2060 Dionys.
633 2021 711 2052 Hal.
731 2031 762 2060 p.
787 2030 891 2058 1127:
917 2020 1085 2059 duplicem
1108 2020 1286 2050 lectionem
1309 2020 1492 2058 antiquitus

163 2063 267 2094 fuisse
298 2064 491 2103 suspicatur
523 2064 630 2101 Blass,
663 2064 804 2094 alteram
837 2074 936 2103 quam
977 2064 1120 2103 Dionys.
1156 2067 1318 2100 servamt,
1350 2064 1489 2092 alteram

162 2107 314 2137 codicum
333 2113 537 2146 nostrorum,
559 2107 631 2139 οὐδὲ
648 2109 840 2148 γιγνώσκων
857 2108 982 2138 omisso
1127 2118 1146 2145 4
1171 2107 1313 2146 ἁδελφὸς
1331 2106 1469 2136 Bekker
1485 2118 1491 2136 ς

162 2153 178 2181 ὁ
196 2151 336 2190 ἀδελφὸς
355 2150 382 2180 Β
401 2162 408 2181 z
432 2152 572 2192 ἀδελφὸς
589 2151 680 2189 vulg.
700 2162 706 2181 :
731 2152 869 2192 ἀδελφὸς
888 2150 911 2180 S
1047 2160 1065 2189 7
1090 2150 1130 2188 ἧν
1148 2155 1223 2189 post
1241 2149 1447 2191 πραττόμενα
1460 2149 1490 2179 Α

161 2204 247 2231 9-10
277 2195 337 2231 τῆς
362 2195 506 2235 ἀδελφῆς
532 2195 677 2226 ἐναντίον
701 2194 795 2235 κόρης
821 2195 868 2225 ἔτι
893 2195 944 2226 καὶ
970 2195 1078 2226 παιδὸς
1103 2196 1201 2231 οὔσης
1227 2193 1371 2232 Dionys.
1398 2193 1418 2223 l.
1438 2203 1488 2224 αἱ

163 2237 288 2276 recepit
308 2237 405 2268 Blass
542 2248 580 2268 10
605 2239 702 2275 οὔσης
719 2238 799 2268 secl.
819 2237 911 2268 Weil
1052 2247 1085 2267 11
1114 2239 1152 2269 ἂν
1169 2247 1234 2266 orn.
1255 2235 1332 2275 SA,
1353 2236 1392 2267 cf.
1415 2238 1429 2272 ξ
1450 2246 1488 2275 77

166 2290 203 2318 14
228 2283 350 2321 ἐξεῖπον
369 2282 480 2315 codd..
497 2282 553 2311 vix
572 2286 663 2311 recte
681 2292 687 2311 ε
712 2283 782 2321 ἑξῆς
801 2281 890 2313 εἶπον
908 2281 1006 2310 Blass
1023 2281 1097 2311 coll.
1111 2280 1183 2310 xxii
1200 2282 1239 2310 61
1259 2291 1266 2310 τ
1292 2280 1381 2311 εἶπον
1394 2279 1495 2309 Wolf

165 2325 204 2353 16
228 2326 313 2362 ὑμῶν
329 2329 405 2363 post
422 2325 633 2364 μνημονεύειν
651 2324 679 2354 Α
697 2335 704 2355 2
728 2329 806 2354 ante
823 2324 1034 2363 μνημονεύειν
1053 2324 1075 2354 S
1093 2324 1181 2362 vulg.
1336 2333 1375 2352 21
1402 2323 1489 2362 κομί-

162 2371 279 2398 σασθαι
298 2367 328 2397 Α
461 2378 502 2406 24
526 2368 631 2408 τούτῳ
649 2368 678 2397 Α
695 2379 699 2397 ;
725 2367 849 2399 τούτων
868 2368 892 2397 F
905 2367 934 2397 Y
948 2367 977 2397 O
991 2367 1016 2398 S
1032 2376 1117 2398 corr.
1136 2378 1143 2397 :
1166 2380 1270 2399 τουτω
1288 2365 1325 2397 S¹
