1737 2734
114 544 131 575 5

96 881 133 903 10

94 1548 133 1570 20

151 151 257 206 xxu]
502 154 632 195 KAT'
678 156 1136 194 ΑΝΔΡΟΤΙΩΝΟΣ

152 264 209 305 εἷς
232 261 415 315 χρήματα
439 264 514 315 γὰρ
533 262 604 312 τὴν
623 264 735 312 δίκην
760 262 849 313 περὶ
872 265 951 302 τῶν
975 261 1178 302 πλείστων
1204 261 1310 313 παρὰ
1333 260 1484 300 τούτων

153 328 346 381 προσήκει
364 329 604 379 λαμβάνειν.
655 330 675 368 ὁ
695 331 736 369 δὲ
755 328 986 369 τούναντίον
1007 329 1061 369 εἰς
1079 330 1128 368 τὰ
1148 328 1325 378 σώματα,
1348 328 1484 379 ὥσπερ

153 396 426 447 ἀνδραπόδοις,
449 395 667 446 ἐποιήσατο
692 397 762 437 τὰς
786 396 985 448 τιμωρίας.
1041 396 1140 434 οὕτω
1166 393 1198 434 δ’
1218 395 1396 447 αἰσχρῶς
1422 395 1485 434 καὶ

153 466 439 504 πλεονεκτικῶς
470 463 570 516 ἔσχε
599 462 698 514 πρὸς
726 463 824 513 ὑμᾶς
852 462 956 502 ὥστε
982 461 1050 501 τὸν
1074 464 1147 512 μὲν
1173 463 1311 501 ἑαυτοῦ
1335 460 1486 512 πατέρα

153 528 249 584 ᾤετο
275 531 368 575 δεῖν,
390 530 562 583 δημοσίᾳ
588 527 736 570 δεθέντ’
756 528 820 569 ἐπὶ
845 527 1048 581 χρήμασιν
1073 530 1116 568 ἐν
1135 531 1188 582 τῷ
1215 527 1482 582 δεσμωτηρίῳ,

152 594 240 646 μήτ’
262 596 462 636 ἀποδόντα
486 599 607 636 ταῦτα
630 594 727 647 μήτε
755 594 920 646 κριθέντ’
941 596 1170 647 ἀποδρᾶναι,
1192 599 1270 635 τῶν
1296 594 1329 635 δ’
1349 594 1485 635 ἄλλων

153 666 327 703 πολιτῶν
351 663 421 703 τὸν
450 663 503 714 μὴ
530 661 746 713 δυνάμενον
775 663 823 701 τὰ
854 664 992 702 ἑαυτοῦ
1021 665 1146 702 θεῖναι
1175 663 1329 702 οἴκοθεν
1361 663 1416 703 εἷς
1441 661 1484 701 τὸ

153 728 423 780 δεσμωτήριον
440 730 642 770 ἕλκεσθαι.
688 728 757 769 εἶτ’
775 729 840 769 ἐπὶ
855 729 1019 775 τούτοις,
1038 728 1090 770 ὡς
1106 729 1237 768 ὁτιοῦν
1255 727 1346 778 ἐξὸν
1363 731 1484 782 ἑαυτῷ

154 799 294 841 ποιεῖν,
328 797 511 847 Σινώπην
540 795 888 849 προσηνεχύραζεν
917 795 980 835 καὶ
1007 793 1307 847 Φανοστράτην,
1335 795 1483 846 ἀνθρώ-

154 879 250 904 πους
285 863 446 914 πόρνας,
482 862 527 902 οὐ
562 862 698 914 μέντοι
733 862 979 914 ὀφειλούσας
1013 860 1218 914 εἷο-φοράς.
1290 863 1414 902 καίτοι
1452 863 1488 901 εἴ

154 946 262 969 τισιν
282 929 357 981 ἄρα
377 929 535 969 δοκοῦσ’
556 928 775 979 ἐπιτήδειαι
795 928 932 969 ’κεῖναι
952 932 1106 974 παθεῖν,
1128 929 1235 969 ἀλλὰ
1259 928 1304 968 τὸ
1324 928 1486 980 πρᾶγμά

153 995 191 1048 γ’
225 996 294 1036 οὐκ
332 995 552 1046 ἐπιτήδειον
587 997 808 1049 γίγνεσθαι,
842 996 1050 1046 τηλικοῦτό
1084 1012 1194 1037 τινας
1228 998 1390 1047 φρονεῖν
1423 997 1486 1035 διὰ

155 1062 289 1114 καιρὸν
324 1063 430 1103 ὥστε
465 1063 644 1114 βαδίζειν
681 1062 742 1103 ἐπ’
775 1064 901 1104 οἰκίας
937 1062 1000 1102 καὶ
1037 1062 1158 1112 σκεύη
1193 1062 1330 1115 φέρειν
1364 1063 1486 1112 μηδὲν

153 1130 402 1182 ὀφειλόντων
438 1130 667 1181 ἀνθρώπων.
739 1130 873 1169 πολλὰ
909 1130 983 1181 γὰρ
1021 1128 1068 1169 ἄν
1103 1146 1162 1171 τις
1198 1131 1273 1169 ἴδοι
1309 1128 1487 1170 πολλοὺς

114 1216 128 1245 5
154 1197 396 1246 ἐπιτηδείους
425 1198 541 1238 ὄντας
567 1196 740 1250 πάσχειν
767 1196 828 1236 καὶ
854 1195 1107 1236 πεπονθέναι.
1179 1195 1271 1236 ἀλλ’
1296 1195 1340 1235 οὐ
1365 1199 1485 1236 ταῦτα

152 1262 344 1315 λέγουσιν
368 1265 405 1304 οἱ
435 1264 561 1314 νόμοι,
589 1263 677 1303 οὐδὲ
701 1264 749 1303 τὰ
774 1265 842 1313 τῆς
868 1263 1069 1304 πολιτείας
1100 1262 1182 1312 ἔθη,
1210 1263 1234 1303 δι
1259 1262 1486 1315 φυλακτέον

153 1329 256 1380 ὑμῖν·
295 1329 388 1370 ἀλλ’
415 1329 545 1370 ἔνεστ’
573 1330 698 1376 ἕλεος,
726 1330 954 1382 συγγνώμη,
981 1329 1096 1370 πάνθ’
1122 1329 1146 1369 ἃ
1179 1329 1371 1381 προσήκει
1402 1333 1484 1370 τοῖς

155 1396 386 1449 ἐλευθέροις.
447 1398 502 1437 ὧν
521 1397 634 1439 οὗτος
659 1396 845 1437 ἁπάντων
866 1397 1024 1438 εἰκότως
1048 1396 1092 1436 οὐ
1117 1396 1276 1449 μετέχει
1294 1402 1341 1453 τῇ
1362 1397 1483 1448 φύσει

153 1463 240 1503 οὐδὲ
265 1470 312 1520 τῇ
338 1465 507 1518 παιδείᾳ·
546 1465 680 1504 πολλὰ
705 1464 780 1516 γὰρ
804 1465 994 1516 ὕβρισται
1025 1463 1086 1503 καὶ
1111 1462 1484 1515 προπεπηλάκισται

153 1531 283 1570 συνὼν
308 1530 376 1570 οὐκ
401 1531 611 1582 ἀγαπῶσιν
636 1530 753 1570 αὐτὸν
779 1530 1012 1582 ἀνθρώποις,
1040 1531 1147 1570 ἀλλὰ
1177 1533 1309 1570 δοῦναι
1338 1529 1483 1581 μισθὸν

153 1596 396 1648 δυναμένοις·
434 1599 488 1637 ὧν
507 1597 686 1649 προσῆκέ
712 1614 779 1637 σοι
803 1597 873 1647 τὴν
897 1597 1019 1649 ὀργὴν
1039 1597 1107 1636 οὐκ
1133 1598 1188 1638 εἰς
1212 1601 1290 1637 τῶν
1309 1600 1484 1637 πολιτῶν

152 1663 220 1703 τὸν
239 1664 394 1716 τυχόντ’
414 1664 575 1717 ἀφιέναι
600 1664 679 1703 οὐδ’
701 1665 755 1705 εἰς
775 1666 844 1706 τὰς
870 1663 1109 1717 ὁμοτέχνους
1133 1665 1294 1716 πόρνας,
1316 1662 1408 1704 ἀλλ’
1430 1665 1483 1705 εἷς

151 1730 219 1770 τὸν
244 1734 380 1770 τοῦτον
404 1731 472 1771 τὸν
495 1732 642 1783 τρόπον
668 1748 715 1771 σε
741 1730 958 1783 θρέψαντα.

218 1799 352 1837 Ταῦτα
387 1799 518 1838 τοίνυν
555 1798 607 1839 ὡς
642 1800 715 1848 μὲν
751 1798 794 1837 οὐ
832 1800 940 1838 δεινὰ
976 1799 1039 1839 καὶ
1072 1798 1176 1850 παρὰ
1209 1797 1359 1840 πάντας
1394 1797 1483 1839 τοὺς

116 1881 129 1911 ς
153 1863 307 1914 νόμους,
335 1864 409 1917 οὐχ
439 1864 518 1915 ἕξει
548 1864 683 1916 λέγειν
708 1864 833 1906 οὗτος·
872 1865 972 1904 οὕτω
1002 1864 1034 1904 δ’
1060 1864 1171 1905 ἐστὶν
1196 1864 1357 1914 ἀναιδὴς
1385 1863 1481 1904 ὥστ’

154 1930 197 1970 ἐν
220 1933 273 1984 τῷ
305 1929 425 1984 δήμῳ,
453 1930 685 1983 προάγωνας
713 1931 773 1971 ἀεὶ
804 1931 1105 1981 κατασκευάζων
1135 1932 1237 1985 αὐτῷ
1268 1934 1390 1981 τῆσδε
1414 1932 1483 1980 τῆς

153 1999 323 2049 γραφῆς,
352 1998 500 2048 ἐτόλμα
528 1998 663 2050 λέγειν
689 1998 740 2039 ὡς
769 1999 865 2050 ὑπὲρ
890 1999 997 2049 ὑμῶν
1023 1998 1086 2038 καὶ
1116 1997 1165 2038 δι’
1189 1999 1288 2049 ὑμᾶς
1318 1997 1484 2050 ἐχθροὺς

202 2116 213 2136 1
241 2106 303 2144 τὴν
320 2116 383 2137 om.
406 2105 429 2136 S
444 2105 481 2136 L¹
494 2105 524 2136 A
537 2106 565 2136 Y
578 2106 608 2137 O
706 2116 725 2145 3
751 2109 889 2138 ἐποιεῖτο
908 2107 931 2137 S
951 2107 1053 2138 Paris.
1073 2108 1168 2146 2936,
1189 2108 1249 2137 sed
1267 2107 1306 2138 cs.
1325 2107 1403 2137 xxiv
1423 2109 1482 2146 167

154 2149 313 2190 αἰσχρῶς]
339 2150 454 2182 ἀνίσως
479 2151 558 2179 xxiv
586 2151 645 2180 168
804 2161 842 2180 10
872 2151 906 2191 ’γ’
933 2156 1009 2190 post
1033 2151 1145 2190 μέντοι
1169 2151 1245 2181 add.
1273 2151 1383 2189 vulg:
1415 2160 1480 2182 om.

155 2191 260 2223 SLY
274 2193 303 2222 O
440 2196 477 2230 ξς
496 2194 621 2235 57-64]
648 2194 765 2224 eadem
790 2194 860 2224 sere
882 2194 962 2224 xxiv
982 2196 1126 2233 169-171
1263 2195 1367 2226 καίτοι
1388 2193 1421 2234 γ’
1438 2194 1481 2233 Α,

154 2236 194 2267 cs.
217 2238 231 2273 ξ
251 2245 291 2275 54
430 2246 466 2275 15
492 2237 586 2269 ὄντας
603 2247 667 2268 om.
688 2238 711 2267 S
726 2237 761 2266 L¹
776 2237 804 2266 Y
818 2237 848 2267 O
954 2240 1065 2269 παθεῖν
1080 2237 1111 2267 Α
1247 2247 1283 2276 17
1310 2238 1329 2269 ἃ
1345 2237 1374 2266 Α
1391 2249 1397 2268 :
1423 2239 1484 2269 ὅσα

155 2278 220 2309 SL
244 2281 333 2318 vulg.
496 2290 538 2310 20
570 2281 683 2312 ἑαυτὸν
708 2280 868 2317 SLYO,
896 2281 934 2311 cf.
965 2285 978 2317 ᾗ
1005 2291 1043 2318 41
1202 2290 1238 2311 21
1273 2281 1427 2322 προσήκει
1450 2281 1482 2311 Α

155 2332 198 2352 22
222 2323 346 2362 ἀφεῖναι
364 2322 395 2353 Α
496 2336 546 2354 σοι
564 2329 640 2362 post
658 2323 855 2364 ὁμοτέχνους
872 2325 946 2354 add.
965 2325 1055 2363 vulg.
1073 2335 1080 2354 :
1105 2334 1169 2355 om.
1189 2324 1213 2355 S
1227 2324 1265 2354 1)
1366 2323 1483 2366 πόρνας

156 2365 221 2396 del.
242 2366 348 2396 Cobet
489 2377 530 2405 23
555 2379 593 2398 σε
610 2367 770 2408 θρέψαντα
787 2368 810 2398 S
824 2367 858 2397 L*
877 2379 882 2397 z
908 2380 945 2399 σε
964 2368 1124 2410 θρέψαντα
1139 2367 1262 2409 πατέρα
1279 2367 1308 2398 Y
1322 2367 1352 2398 O
1366 2367 1390 2399 S
1406 2381 1459 2409 γρ.
1475 2378 1483 2398 z

153 2408 316 2450 θρέψαντά
333 2421 369 2441 σε
387 2409 508 2451 πατέρα
525 2410 615 2449 vulg.

1517 154 1628 210 [διο]

1517 875 1558 911 57

1515 1528 1615 1583 [611]

1515 1811 1558 1847 59
