1737 2734
107 156 217 211 [722]

176 666 220 700 68

674 159 1156 197 ΔΗΜΟΣΘΕΝΟὙΣ
1456 154 1572 209 [xxzv

250 261 286 312 γ’
312 262 469 302 ἔνεστιν
498 262 614 315 αὐτῷ,
642 263 809 311 ἀδίκημα
840 265 911 311 μὲν
937 263 1036 303 εἶναι
1065 262 1109 302 τὸ
1139 263 1285 314 πρᾶγμ’
1311 265 1572 316 ὁμολογῆσαι,

251 329 488 379 συγγνώμης
515 331 556 368 δὲ
581 333 716 380 τυχεῖν
741 328 887 378 ἀξιοῦν·
926 329 969 368 οὐ
991 331 1065 380 γαρ
1084 329 1187 369 ἄκων
1213 329 1293 370 οὐδ’
1313 329 1407 381 ὑπὲρ
1428 330 1571 383 ἠτυχη-

252 395 376 434 κότων
395 394 473 434 οὐδ’
492 393 588 445 ὑπὲρ
609 399 814 446 συγγενῶν
835 395 896 435 καὶ
922 397 1146 447 ἀναγκαίων
1166 396 1266 449 αὐτῷ
1292 397 1460 446 τεθηκὼς
1481 398 1572 448 φαί-

251 477 358 501 νεται
387 460 455 500 τὸν
485 461 619 510 νόμον,
652 461 743 501 ἀλλ’
773 463 871 502 ἑκὼν
898 461 993 513 ὑπὲρ
1022 462 1163 514 μεγάλ’
1192 462 1434 511 ἠδικηκότων
1461 464 1572 513 ὑμᾶς,

252 527 364 567 οὐδὲν
391 528 672 578 προσηκόντων
702 527 816 582 αὐτῷ,
845 528 949 577 πλὴν
975 529 1008 568 εἰ
1039 532 1245 580 συγγενεῖς
1273 527 1576 579 ὑπολαμβάνειν

253 594 379 645 φησὶν
403 594 491 634 τοὺς
515 594 801 643 μισθουμένους
827 595 958 635 αὐτόν.

318 659 392 701 εΩς
420 661 553 700 τοίνυν
583 661 663 700 οὐδ’
696 660 915 710 ἐπιτήδειον
944 662 1065 712 νόμον
1093 660 1182 711 ὑμῖν
1211 661 1300 702 οὐδὲ
1333 661 1575 713 συμφέροντ’

253 725 520 779 εἰσενήνοχεν,
542 727 645 767 τοῦτ’
668 727 738 777 ἤδη
766 726 1004 778 πειράσομαι
1029 728 1112 767 νυνὶ
1137 728 1339 768 δεικνύειν.
1397 728 1505 778 οἶμαι
1528 728 1575 777 δὴ

254 792 402 834 πάντας
431 793 480 832 ἂν
508 792 604 843 ὑμᾶς
635 794 897 845 ὁμολογῆσαι,
925 797 1005 833 δεῖν
1030 794 1099 833 τὸν
1129 795 1251 845 ὀρθῶς
1282 795 1424 847 ἔχοντα
1454 795 1576 845 νόμον

253 859 316 899 καὶ
347 861 548 899 συνοίσειν
576 859 780 910 μέλλοντα
808 863 861 914 τῷ
891 859 1035 909 πλήθει
1065 864 1219 911 πρῶτον
1247 863 1319 911 μὲν
1348 862 1483 902 ἁπλῶς
1514 861 1577 901 καὶ

253 928 352 965 πᾶσι
377 928 581 977 γνωρίμως
606 926 841 978 γεγράφθαι,
871 927 934 967 καὶ
961 927 1013 977 μὴ
1044 927 1096 981 τῷ
1121 929 1194 976 μὲν
1223 926 1322 966 εἶναι
1351 928 1459 967 ταυτὶ
1489 927 1577 979 περὶ

253 992 370 1032 αὐτοῦ
411 993 594 1042 νομίζειν,
635 994 687 1047 τῷ
726 996 766 1034 δὲ
806 995 930 1034 ταυτί.
1001 993 1121 1034 ἔπειτ’
1160 993 1259 1033 εἶναι
1302 995 1466 1035 δυνατὰς
1507 995 1577 1036 τὰς

254 1058 412 1109 πράξεις
449 1060 493 1100 ἃς
523 1062 584 1100 δεῖ
605 1060 814 1111 γίγνεσθαι
842 1062 906 1100 διὰ
937 1061 1006 1100 τοῦ
1035 1061 1168 1110 νόμου·
1207 1061 1239 1100 εἰ
1270 1062 1344 1111 γὰρ
1372 1060 1420 1100 αὖ
1449 1063 1577 1103 καλῶς

253 1128 325 1175 μὲν
350 1126 449 1178 ἔχοι,
471 1125 522 1175 μὴ
544 1126 707 1166 δυνατὸν
733 1126 776 1166 δέ
794 1143 831 1166 τι
851 1125 1006 1179 φράζοι,
1029 1127 1159 1179 εὐχῆς,
1182 1127 1226 1167 οὐ
1250 1127 1370 1177 νόμου
1390 1125 1574 1176 διαπράτ-

253 1191 348 1231 τοιτ’
381 1191 428 1232 ἂν
463 1192 591 1244 ἔργον.
663 1192 759 1244 πρὸς
795 1195 836 1234 δὲ
871 1194 1024 1235 τούτοις
1058 1194 1194 1243 μηδενὶ
1230 1197 1307 1233 τῶν
1341 1193 1578 1233 ἀδικούντων

254 1259 470 1310 φαίνεσθαι
501 1260 692 1309 μηδεμίαν
725 1260 883 1299 διδόντα
912 1260 1132 1313 ῥᾳστώνην.
1203 1261 1238 1300 εἰ
1268 1262 1341 1312 γὰρ
1372 1261 1578 1311 δημοτικόν

252 1342 310 1367 τις
341 1324 562 1376 ὑπείληφεν
595 1326 640 1365 τὸ
673 1326 818 1376 πράους
849 1326 948 1366 εἶναι
980 1326 1070 1368 τοὺς
1104 1327 1258 1377 νόμους,
1290 1327 1396 1366 τίσιν
1428 1326 1579 1368 τούτοις

253 1391 586 1442 προσεξεταζέτω,
627 1393 772 1444 κᾶνπερ
809 1395 931 1444 ὀρθῶς
971 1395 1167 1444 βούληται
1205 1397 1382 1439 σκοπεῖν,
1421 1392 1579 1445 εὑρήσει

253 1463 333 1500 τοῖς
367 1459 569 1509 κρίνεσθαι
600 1459 835 1509 μέλλουσιν,
868 1460 912 1500 οὐ
940 1464 1023 1502 τοῖς
1057 1459 1395 1512 ἐξεληλεγμένοις·
1433 1462 1475 1500 ἐν
1506 1462 1579 1510 μὲν

253 1527 327 1576 γὰρ
353 1529 434 1567 τοῖς
464 1525 612 1576 ἄδηλον
642 1528 678 1567 εἴ
705 1543 762 1568 τις
793 1526 876 1567 ἔστ’
903 1527 1044 1569 ἀδίκως
1074 1526 1407 1577 διαβεβλημένος,
1433 1531 1516 1569 τοῖς
1545 1526 1578 1567 δ’

253 1592 341 1633 οὐδὲ
360 1593 480 1644 λόγος
500 1593 679 1633 λείπεται
698 1593 742 1633 τὸ
767 1593 819 1643 μὴ
840 1593 883 1633 οὐ
904 1597 1089 1644 πονηροῖς
1110 1593 1221 1634 εἶναι.
1281 1594 1429 1633 τούτων
1448 1594 1580 1633 τοίνυν

252 1660 306 1698 ὧν
343 1658 589 1710 διεξελήλυθ’
624 1661 701 1711 ἐγὼ
739 1660 807 1700 νῦν
843 1660 923 1700 οὐδ’
957 1661 1086 1701 ὁτιοῦν
1119 1660 1231 1701 οὗτος
1267 1660 1371 1712 ἔχων
1407 1660 1427 1698 ὁ
1463 1660 1580 1710 νόμος

254 1725 490 1777 φανήσεται,
511 1727 700 1766 τάναντία
720 1726 753 1766 δ’
774 1727 864 1777 ἑξῆς
884 1726 1024 1767 πάντα.
1081 1728 1336 1779 πολλαχόθεν
1355 1729 1427 1777 μὲν
1446 1726 1514 1766 οὖν
1533 1726 1580 1766 ἄν

253 1809 310 1833 τις
344 1793 430 1845 ἔχοι
461 1793 576 1833 τοῦτο
610 1793 824 1839 διδάσκειν,
855 1793 1033 1845 μάλιστα
1065 1796 1106 1834 δὲ
1141 1793 1209 1833 τὸν
1240 1794 1360 1843 νόμον
1390 1792 1506 1833 αὐτὸν
1535 1792 1581 1833 ὃν

252 1858 391 1909 τέθηκε
416 1859 582 1910 διεξιών.
642 1860 729 1900 ἔστι
754 1862 828 1912 γὰρ
854 1861 898 1900 οὐ
923 1860 968 1900 τὸ
993 1863 1066 1911 μὲν
1093 1860 1208 1900 αὐτοῦ
1236 1864 1364 1901 καλῶς
1389 1860 1579 1910 κείμενον,
1606 1875 1617 1887 ³

331 1925 359 1939 «x,
400 1926 408 1939 t

253 1925 296 1965 τὸ
328 1940 347 1966 ο
395 1926 678 1977 ημαρτημένον,
714 1927 806 1967 ἀλλ’
841 1929 934 1969 ὅλος
967 1926 1013 1977 ἐξ
1043 1928 1179 1980 ἀρχῆς,
1216 1927 1293 1966 ἀπὸ
1326 1929 1393 1976 τῆς
1427 1926 1582 1977 πρώτης

254 1995 466 2042 συλλαβῆς
495 1993 612 2046 μέχρι
637 1996 706 2043 τῆς
730 1996 972 2039 τελευταίας,
1002 1994 1066 2045 ἐφ’
1092 1993 1180 2044 ὗμῖν
1208 1997 1343 2033 κεῖται.
1413 1995 1517 2043 λαβὲ
1548 1992 1581 2032 δ’

300 2111 311 2130 Ι
341 2102 483 2142 ἔνεστιν]
504 2103 594 2133 ἔστιν
612 2103 641 2132 Α
805 2115 823 2134 2
849 2103 899 2143 01³2]
919 2103 991 2135 οὐδὲ
1010 2103 1040 2133 Α
1055 2103 1078 2133 F
1240 2113 1258 2142 5
1285 2104 1312 2134 εἴ
1329 2102 1374 2132 S:
1401 2103 1485 2140 εἰμὴ
1503 2107 1578 2131 cett.

255 2144 278 2174 S
302 2158 366 2185 γα,
393 2145 434 2175 cs·
465 2149 478 2182 ξ
506 2146 547 2184 58
749 2149 770 2176 6
801 2149 902 2187 φησὶν
927 2147 1034 2177 SYO
1056 2159 1061 2177 :
1093 2148 1194 2186 φήσηι
1223 2146 1265 2176 F:
1298 2147 1394 2185 φήσει
1419 2146 1459 2175 al.
1481 2145 1504 2175 S
1527 2157 1578 2185 γρ.

256 2198 271 2225 7
298 2191 368 2226 ὑμῖν
386 2189 481 2227 νόμον
499 2190 527 2218 Α
654 2191 673 2220 8
699 2191 852 2222 δεικνύειν
870 2191 893 2220 S
911 2203 916 2221 1
942 2191 1079 2222 δεικύναι
1098 2190 1201 2225 vulg.v
1221 2189 1260 2220 cf.
1283 2192 1320 2226 §5
1339 2189 1392 2227 48,
1411 2190 1454 2219 66
1542 2190 1580 2224 δὴ

254 2232 376 2264 πάντας
393 2232 479 2270 vulg.
500 2245 505 2261 :
540 2234 679 2265 ἅπαντας
699 2234 721 2263 S
740 2234 831 2264 solus
971 2245 992 2272 9
1016 2236 1054 2265 ἂν
1074 2244 1138 2264 om.
1161 2233 1183 2263 S
1198 2233 1269 2263 ΥΟ
1376 2234 1452 2270 ὑμᾶς
1472 2241 1535 2262 om.
1558 2231 1583 2261 F

258 2285 288 2304 11
318 2276 429 2314 ὁμοίως
447 2282 524 2314 post
542 2279 620 2308 πᾶσι
641 2279 670 2313 νζ)
690 2278 764 2307 add.
787 2277 874 2316 vulg.
895 2289 901 2307 t
925 2287 989 2307 om.
1011 2278 1034 2307 S
1052 2277 1145 2307 solus
1255 2286 1292 2314 17
1317 2275 1441 2307 τούτοις
1459 2275 1580 2305 codd.:

254 2318 385 2350 τούτους
405 2319 537 2349 Dobree
555 2332 561 2350 :
588 2323 684 2351 τοῦτο
702 2322 788 2351 coni.
810 2320 900 2351 Weil
1078 2331 1118 2350 20
1143 2319 1228 2359 ἔστ’]
1249 2320 1375 2351 ἔνεστιν
1392 2319 1443 2348 A:
1476 2316 1581 2350 ἔνεστ’

256 2361 284 2390 Y
297 2362 326 2391 O
461 2373 501 2392 22
528 2365 591 2394 νυνὶ
610 2363 639 2392 Α
774 2375 813 2403 23
840 2367 951 2404 ἐφεξῆς
970 2364 999 2394 Α
1133 2365 1174 2393 26
1199 2365 1275 2394 ὅλον
1293 2363 1316 2392 S
1334 2361 1428 2392 solus
1524 2363 1582 2398 τῆς

254 2415 317 2435 om.
339 2405 361 2435 S
376 2406 404 2436 Y
418 2406 447 2436 O

1599 878 1637 901 10

1602 1543 1640 1564 20

1605 1875 1640 1905 ·5
