1737 2734
99 131 208 185 [582]

142 384 204 408 211

138 1378 203 1413 213

661 131 1149 169 ΔΗΜΟΣΘΕΝΟΥΣ
1475 126 1563 182 [xxx

242 237 366 282 ἐστίν,
394 236 418 276 ὃ.
448 235 606 276 τούτους
637 234 762 276 οὐδεὶς
795 235 936 274 κωλύει
967 236 1192 284 κεκτῆσθαι·
1230 235 1280 285 μὴ
1314 237 1446 276 τοίνυν
1473 240 1563 287 μηδ’

240 302 348 341 οὗτοι
373 302 444 351 τὴν
470 301 616 346 ἄδειαν,
638 300 686 350 ἣν
711 301 802 351 ἡμῖν
829 301 963 350 κοινὴν
983 301 1123 341 οὐσίαν
1143 303 1178 341 οἱ
1200 302 1310 351 νόμοι
1327 302 1562 356 παρέχουσι,

241 369 474 408 κωλυόντων
506 369 730 417 κεκτῆσθαι.
803 367 916 407 οὐδὲν
948 367 1076 407 δεινὸν
1106 367 1184 407 οὐδ’
1213 368 1368 408 ε’λεινδν
1399 370 1565 411 Μειδίας

241 435 433 479 πείσεται,
453 434 501 473 ἂν
522 435 591 473 ἴσα
611 432 802 482 κτήσηται
818 437 899 474 τοῖς
919 438 1086 475 πολλοῖς
1102 435 1221 483 ὑμῶν,
1240 435 1305 476 οὓς
1325 437 1393 475 νῦν
1412 436 1563 487 ὑβρίζει

241 501 302 540 καὶ
338 501 519 553 πτωχοὺς
555 501 760 545 ἀποκαλεῖ,
787 501 811 540 ἃ
848 502 889 540 δὲ
922 504 989 540 νῦν
1026 500 1197 551 περιόντ’
1236 500 1352 540 αὐτὸν
1389 503 1565 553 ὑβρίζειν
1586 520 1602 550 5

241 568 407 618 ἐπαίρει,
452 567 689 622 περιαιρεθῇ.
744 566 822 606 οὐδ’
864 566 973 606 οὗτοι
1020 566 1142 616 δήπου
1189 567 1296 606 ταῦθ’
1335 569 1442 617 ὑμῶν
1485 570 1565 608 εἰσι

240 635 381 673 δίκαιοι
422 635 590 678 δεῖσθαι,
633 633 710 683 “μὴ
755 635 851 672 κατὰ
890 633 979 674 τοὺς
1017 634 1157 683 νόμους
1198 633 1388 683 δικάσητ’,
1426 634 1564 686 ἄνδρες

239 701 433 740 δικασταί·
469 700 522 750 μὴ
547 699 777 750 βοηθήσητε
802 703 854 754 τῷ
881 701 1094 740 πεπονθότι
1120 699 1241 739 δεινά·
1278 699 1330 750 μὴ
1357 700 1562 753 εὐορκεῖτε·

238 767 330 817 ἡμῖν
364 768 452 806 δότε
481 767 551 816 τὴν
584 766 700 819 χάριν
734 765 906 816 ταύτην.’
976 770 1095 806 ταῦτα
1133 766 1218 818 γάρ,
1247 766 1292 806 ἄν
1325 783 1362 806 τι
1400 767 1565 807 δέωνται

239 834 326 885 περὶ
356 834 508 879 τούτου,
540 833 764 882 δεήσονται,
798 833 868 872 κᾶν
901 833 952 882 μὴ
986 837 1107 872 ταῦτα
1139 833 1291 884 λέγωσι
1319 835 1367 872 τὰ
1396 833 1561 885 ῥήματα.
1589 849 1626 870 10

238 900 330 940 ἀλλ’
359 902 465 952 εἴπερ
493 901 572 940 εἰσὶ
606 901 722 952 φίλοι
753 900 815 939 καὶ
846 903 973 939 δεινὸν
1005 902 1038 940 εἰ
1067 900 1119 949 μὴ
1145 899 1364 950 πλουτήσει
1397 901 1562 942 Μειδίας

237 967 437 1019 ἡγοῦνται,
460 968 539 1007 εἶσὶ
564 969 637 1017 μὲν
658 968 712 1008 εἰς
736 968 784 1005 τὰ
809 966 970 1016 μάλιστ’
990 966 1099 1006 αὐτοὶ
1125 967 1324 1012 πλούσιοι,
1348 967 1409 1006 καὶ
1435 971 1563 1009 καλῶς

238 1038 406 1079 ποιοῦσι,
426 1033 607 1086 χρήματα
634 1033 667 1072 δ’
694 1033 793 1087 αὐτῷ
820 1033 908 1083 παρ’
925 1035 1074 1073 ἑαυτῶν
1100 1033 1260 1079 δόντων,
1280 1032 1329 1073 ἵν’
1356 1034 1464 1083 ὑμεῖς
1486 1037 1561 1084 μὲν

237 1101 302 1152 ἐφ’
330 1102 388 1142 οῖς
413 1100 611 1150 εἰσήλθετ’
637 1100 886 1150 ὀμωμοκότες
917 1101 1073 1141 δικαίως
1101 1100 1359 1151 ψηφίσησθε,
1387 1100 1493 1140 οὗτοι
1520 1103 1562 1141 δὲ

236 1167 326 1219 παρ’
356 1169 483 1208 αὐτῶν
512 1170 581 1209 τὰς
611 1167 786 1220 χάριτας,
819 1166 871 1216 μη
904 1168 1002 1216 μετὰ
1035 1169 1103 1216 τῆς
1135 1165 1324 1217 ὑμετέρας
1354 1166 1560 1219 αἰσχύνης,
1587 1181 1621 1212 15

236 1239 437 1274 ποιῶνται.
499 1236 531 1274 εἰ
557 1234 590 1273 δ’
617 1234 723 1273 οὗτοι
749 1232 914 1286 χρήματ’
942 1234 1102 1285 ἔχοντες
1125 1232 1178 1284 μὴ
1205 1231 1378 1283 πρόοιντ’
1397 1232 1459 1279 ἄν,
1479 1237 1562 1275 πῶς

235 1302 324 1351 ὑμῖν
351 1301 474 1341 καλὸν
499 1301 568 1340 τὸν
594 1302 711 1352 ὅρκον
737 1300 947 1351 προέσθαι;

305 1369 503 1408 Πλούσιοι
533 1369 680 1407 πολλοὶ
711 1367 1011 1416 συνεστηκότες,
1045 1364 1074 1406 ὦ
1105 1366 1243 1418 ἄνδρες
1267 1366 1483 1416 Ἀθηναῖοι,
1514 1366 1561 1405 τὸ

235 1438 365 1475 δοκεῖν
390 1438 493 1476 τινες
511 1434 610 1474 εῖναι
635 1434 682 1474 δι’
703 1434 887 1484 εὐπορίαν
912 1433 1246 1484 προσειληφότες,
1268 1434 1375 1483 ὑμῶν
1395 1435 1561 1484 παρίασι

235 1502 483 1551 δεησόμενοι.
535 1502 683 1541 τούτων
699 1502 841 1550 μηδενί
856 1499 906 1550 μ’,
927 1498 954 1539 ὦ
975 1500 1114 1550 ἄνδρες
1135 1499 1350 1549 Ἀθηναῖοι,
1369 1502 1559 1551 προῆσθε,
1585 1515 1623 1536 20

236 1568 326 1608 ἀλλ’
345 1569 480 1619 ὥσπερ
508 1568 675 1609 ἕκαστος
701 1568 849 1606 τούτων
875 1568 971 1617 ὑπὲρ
996 1570 1073 1606 τῶν
1095 1566 1172 1619 ἰδίᾳ
1192 1567 1478 1618 συμφερόντων
1498 1567 1561 1606 καὶ

236 1636 330 1686 ὑπὲρ
364 1636 502 1675 τούτου
537 1634 818 1681 σπουδάσεται,
846 1635 968 1674 οὕτως
1006 1635 1115 1683 ὑμεῖς
1153 1634 1250 1684 ὑπὲρ
1290 1635 1396 1683 ὑμῶν
1433 1633 1561 1673 αὐτῶν

236 1702 298 1740 καὶ
335 1706 413 1741 τῶν
452 1703 583 1752 νόμων
623 1702 685 1740 καὶ
724 1702 818 1750 ἐμοῦ
859 1704 926 1740 τοῦ
969 1700 1033 1752 ἐφ’
1072 1701 1169 1749 ὑμᾶς
1213 1700 1560 1752 καταπεφευγότος

237 1768 507 1814 σπουδάσατε,
536 1769 599 1809 καὶ
631 1767 830 1819 τηρήσατε
860 1767 932 1816 τὴν
962 1767 1123 1818 γνώμην
1153 1768 1296 1816 ταύτην
1332 1766 1395 1818 ἐφ’
1421 1767 1467 1816 ἧς
1491 1771 1561 1807 νῦν

235 1835 339 1876 ἐστέ.
414 1836 475 1875 καὶ
509 1836 583 1888 γὰρ
619 1837 652 1875 εἰ
684 1835 769 1885 μέν,
798 1832 826 1874 ὦ
862 1834 1000 1885 ἄνδρες
1026 1833 1241 1883 Ἀθηναῖοι,
1269 1833 1351 1873 τόθ’
1378 1833 1435 1873 ὅτ’
1461 1833 1506 1883 ἦν
1537 1833 1559 1883 ἡ
1585 1848 1619 1879 25

233 1901 430 1953 προβολή,
458 1905 505 1942 τὰ
535 1900 778 1954 πεπραγμέν’
812 1902 831 1940 ὁ
871 1903 992 1951 δῆμος
1026 1900 1198 1942 ἀκούσας
1224 1901 1561 1954 ἀπεχειροτόνησε

236 1970 412 2014 Μειδίου,
441 1970 510 2009 οὐκ
536 1969 584 2009 ἂν
609 1969 751 2019 ὁμοίως
778 1967 824 2017 ἦν
850 1969 993 2008 δεινόν·
1037 1968 1099 2007 καὶ
1125 1969 1200 2018 γὰρ
1225 1967 1277 2017 μὴ
1304 1969 1558 2019 γεγενῆσθαι,

234 2037 296 2076 καὶ
320 2036 372 2086 μὴ
399 2037 487 2087 περὶ
511 2036 582 2086 τὴν
609 2035 749 2087 ἑορτὴν
775 2033 994 2084 ἀδικήματα
1019 2033 1125 2074 ταῦτ’
1146 2034 1256 2078 εῖναι,
1286 2035 1347 2074 καὶ
1373 2033 1491 2074 πόλλ’
1513 2033 1561 2073 ἂν

233 2102 318 2155 εἶχέ
342 2119 400 2145 τις
425 2103 542 2143 αὑτὸν
567 2101 942 2154 παραμυθήσασθαι.
1013 2105 1082 2141 νῦν
1110 2103 1150 2141 δὲ
1176 2104 1289 2140 τοῦτο
1316 2100 1378 2140 καὶ
1403 2099 1561 2140 πάντων

233 2169 280 2209 ἄν
305 2187 372 2220 μοι
403 2171 627 2210 δεινότατον
655 2170 846 2219 συμβαίη,
876 2170 909 2208 εἰ
942 2167 1031 2219 παρ’
1057 2167 1154 2207 αὐτὰ
1186 2166 1414 2217 τάδικήμαθ’
1439 2168 1561 2208 οὕτως
1582 2183 1621 2213 30

282 2290 339 2319 1—3
365 2281 465 2310 verba
482 2282 525 2319 μὴ
544 2280 651 2311 τοίνυν
669 2304 675 2310 .
697 2304 703 2310 .
726 2303 732 2309 .
754 2279 930 2314 κεκτῆσθαι
948 2277 1051 2307 obelis
1070 2281 1185 2306 notata
1203 2276 1234 2306 in
1255 2276 1279 2305 F
1378 2285 1396 2314 5
1421 2275 1560 2315 περιόντ’

234 2322 336 2354 SA12
367 2323 519 2365 περιϊόντ’
539 2324 627 2361 vulg.
787 2332 804 2360 7
837 2321 859 2351 ὦ
884 2327 963 2350 ante
989 2322 1099 2361 ἄνδρες
1123 2320 1198 2350 add.
1221 2319 1308 2357 vulg.
1327 2330 1332 2348 ε
1367 2329 1431 2349 om.
1453 2318 1520 2349 50
1536 2318 1561 2348 P

233 2368 252 2397 8
269 2366 409 2397 alterum
421 2367 482 2407 μὴ]
494 2366 569 2406 μηδ’
582 2366 606 2397 S
623 2366 645 2396 F
657 2366 686 2396 Y
699 2366 728 2396 O
744 2365 768 2395 P
859 2374 898 2403 27
917 2363 1051 2405 (ὕβριν)
1061 2364 1105 2402 μὴ
1116 2365 1312 2404 γεγενῆσθαι
1327 2362 1555 2397 Herwerden,

234 2418 415 2449 praeeunte
436 2411 585 2449 Reiskio,
607 2410 647 2441 cs.
671 2412 686 2446 ξ
706 2410 769 2439 216
923 2417 966 2446 30
988 2407 1048 2446 μὲν
1064 2412 1140 2446 post
1158 2407 1237 2438 αὐτὰ
1254 2406 1328 2436 add.
1350 2406 1439 2444 vulg.
1459 2417 1466 2436 z
1491 2416 1554 2436 orn.

232 2455 420 2485 SAYOP
