1737 2734
134 884 173 907 10

135 1216 172 1248 Ϊ5

136 1549 175 1570 20

192 152 309 208 xxlv]
527 157 687 194 ΚΑΤΑ
735 156 1186 194 ΤΙΜΟΚΡΑἹὈΥΣ

191 259 384 313 τριάκοντ’
414 260 582 306 ἆδικεῖν;
622 261 684 300 καὶ
716 263 797 301 πῶς
830 260 874 300 οὐ
907 260 1055 306 δεινόιι;
1093 259 1200 299 ἀλλὰ
1228 259 1385 300 δικαίως
1417 259 1519 310 ἐψη-

193 328 357 379 φίσθαι,·
395 327 500 368 τίνος
530 327 599 366 οὖν
625 328 754 366 εἵνεκα
777 326 846 366 τὸν
871 326 1049 366 λύσοντα
1077 329 1200 366 ταῦτα
1229 326 1351 376 νόμον
1380 325 1522 365 θέσθαι

192 393 396 447 φήσομεν;
434 394 541 443 πλὴν
567 395 599 434 εἰ
625 394 740 433 τοῦτό
763 409 821 434 τις
846 394 962 439 εἵποι,
987 392 1188 442 μανέντες·
1225 392 1329 432 ἄλλο
1353 394 1428 445 γὰρ
1453 392 1521 432 οὐκ

191 462 303 502 ἔστιν
331 462 467 501 εἰπεῖν.

307 527 399 541 Ιῖν

258 531 290 567 Λ
297 545 341 580 εγ
379 533 506 567 αλλον
532 527 664 578 νόμον.

778 591 935 620 ΝΟΜΟΣ.

246 654 354 703 Μηδὲ
385 655 498 703 νόμον
527 655 658 699 ἐξεῖναι
687 652 742 691 ἐπ’
773 653 874 703 ἀνδρὶ
906 653 1031 697 θεῖναι,
1061 655 1124 692 ἐὰν
1151 653 1203 703 μὴ
1233 653 1297 691 τὸν
1324 653 1435 690 αὐτὸν
1463 652 1523 690 ἐπὶ

190 711 306 746 πᾶσιν
339 707 548 757 Ἀθηναίοις
582 704 702 760 [τιθῇ],
740 707 829 756 (ἐὰν
861 707 940 757 μὴ)
978 708 1248 757 ψηφισαμένων
1281 707 1334 757 μὴ
1368 709 1523 745 ἔλαττον

191 763 452 814 ἑξακισχιλίων
473 762 526 802 οἷς
547 760 589 800 ἂν
610 762 697 812 δόξῃ
719 761 884 812 κρύβδην
904 763 1184 812 ψηφιζομένοις.

259 868 342 908 Οὐκ
369 869 415 924 ἐᾷ
439 869 560 919 νόμον
579 867 670 907 ἀλλ’
690 864 712 917 ἢ
734 866 802 907 τὸν
821 866 938 907 αὐτὸν
957 866 1106 907 τιθέναι
1133 868 1229 906 κατὰ
1255 870 1332 907 τῶν
1352 870 1526 907 πολιτῶν

191 934 364 981 πάντων,
389 939 518 976 καλῶς
538 935 600 974 καὶ
620 937 836 984 δημοτικῶς
855 933 1001 985 λέγων.
1061 933 1197 986 ὥσπερ
1218 935 1292 985 γὰρ
1312 935 1379 983 τῆς
1398 933 1526 983 ἄλλης

192 1003 397 1043 πολιτείας
435 1003 528 1042 ἴσον
564 1001 752 1052 μέτεστιν
792 999 958 1054 ἑκάστῳ,
1000 1001 1099 1040 οὕτω
1142 1000 1205 1040 καὶ
1243 1000 1393 1039 τούτων
1436 1002 1526 1040 ἴσον

191 1068 375 1122 μετέχειν
395 1069 565 1109 ἕκαστον
585 1066 701 1118 ἀξιοῖ.
762 1066 810 1107 δι’
832 1067 898 1109 οὓς
921 1069 994 1117 μὲν
1013 1067 1143 1107 τοίνυν
1163 1065 1276 1108 οὗτος
1301 1065 1524 1119 εἰσέφερεν,

191 1135 300 1187 ὑμεῖς
329 1135 443 1176 οὐδὲν
473 1136 567 1186 ἐμοῦ
594 1137 729 1187 χεῖρον
754 1134 1013 1186 γιγνώσκετε·
1051 1133 1144 1174 ἄνευ
1169 1135 1210 1174 δὲ
1235 1133 1385 1173 τούτων
1411 1133 1526 1175 αὐτὸς

193 1203 456 1255 ὡμολόγησεν
488 1202 540 1253 μὴ
575 1202 639 1242 ἐπὶ
672 1203 773 1242 πᾶσι
804 1199 873 1241 τὸν
907 1199 1026 1241 αὐτὸν
1055 1199 1272 1250 τεθηκέναι,
1304 1199 1410 1250 πλὴν
1439 1200 1527 1252 περὶ

192 1273 271 1310 τῶν
290 1273 476 1310 τελωνῶν
503 1268 564 1308 καὶ
584 1272 662 1308 τῶν
681 1265 958 1318 μισθουμένων
980 1267 1042 1307 καὶ
1060 1271 1139 1307 τῶν
1158 1267 1305 1307 τούτων
1326 1267 1527 1319 ἐγγυητῶν

193 1338 368 1390 χρῆσθαι
388 1334 657 1388 προσγράψας
676 1335 728 1390 τῷ
747 1334 867 1388 νόμῳ.
922 1334 1064 1374 οὐκοῦν
1085 1333 1195 1373 ὁπότ’
1216 1335 1320 1374 εἰσίν
1339 1349 1443 1375 τινες
1462 1333 1527 1375 οὓς

193 1403 406 1456 ἀφορίζεις,
428 1403 496 1442 οὐκ
521 1402 569 1442 ἂν
589 1401 642 1442 ἔτ’
662 1403 743 1452 εἵης
769 1401 833 1441 ἐπὶ
853 1403 978 1441 πᾶσιν
998 1400 1067 1441 τὸν
1087 1400 1205 1441 αὐτὸν
1224 1400 1408 1450 τεθηκώς.
1465 1401 1527 1441 καὶ

192 1469 270 1520 μὴν
295 1469 375 1510 οὐδ’
400 1470 529 1510 ἐκεῖνό
552 1468 590 1521 γ’
616 1468 664 1509 ἂν
691 1470 827 1514 εἴποις,
856 1467 907 1509 ὡς
932 1468 1044 1509 ὅσοις
1073 1469 1223 1518 δεσμοῦ
1248 1469 1525 1518 προστιμᾶται,

193 1537 342 1577 τούτων
373 1535 538 1587 μάλιστ’
569 1532 592 1585 ἢ
626 1536 675 1575 τὰ
706 1533 863 1587 μέγιστ’
900 1534 1104 1574 ἀδικοῦσιν
1137 1536 1173 1574 οἱ
1206 1537 1389 1580 τελῶναι,
1423 1534 1527 1574 ὥστε

193 1604 329 1654 μόνοις
359 1603 490 1644 αὐτοῖς
519 1602 570 1653 μὴ
600 1604 836 1652 μεταδοῦναι
865 1603 934 1640 τοῦ
965 1602 1099 1652 νόμου.
1170 1600 1273 1641 πολὺ
1302 1602 1377 1652 γὰρ
1406 1599 1524 1650 δήπου

193 1673 350 1720 μᾶλλον
392 1671 428 1710 οἱ
476 1669 728 1721 προδιδόντες
771 1685 808 1708 τι
855 1671 933 1708 τῶν
977 1671 1130 1713 κοινῶν,
1177 1670 1214 1708 οἱ,
1255 1667 1346 1709 τοὺς
1387 1667 1528 1719 γονέας

195 1740 415 1782 κακοῦντες,
447 1738 483 1776 οἱ
515 1735 567 1787 μὴ
599 1737 768 1787 καθαρὰς
797 1736 866 1776 τὰς
898 1738 1035 1787 χεῖρας
1064 1734 1238 1787 ἔχοντες,
1271 1734 1463 1776 εἰσιόντες
1495 1733 1528 1774 δ’

195 1804 250 1845 εἷς
278 1803 349 1854 τὴν
379 1802 540 1856 ἀγοράν,
569 1803 786 1842 ἀδικοῦσιν.
859 1802 916 1843 οἷς
945 1801 1097 1842 ἅπασιν
1121 1803 1158 1841 οἱ
1186 1803 1259 1851 μὲν
1282 1800 1528 1854 ὑπάρχοντες

161 1883 171 1890 “
194 1871 307 1921 νόμοι
326 1869 474 1921 δεσμὸν
494 1869 773 1921 προλέγουσιν,
795 1869 815 1908 ὁ
835 1870 876 1908 δὲ
897 1868 968 1910 σὸς
986 1868 1184 1908 λελύσθαι
1204 1869 1379 1908 δίδωσιν.
1435 1867 1527 1907 ἀλλ’

193 1938 361 1977 ἐνταῦθα
387 1936 508 1977 πάλιν
536 1935 793 1986 καταμηνύεις
822 1935 920 1987 ὑπὲρ
944 1936 999 1975 ὧν
1026 1936 1179 1976 ἐτίθεις·
1218 1936 1281 1974 διὰ
1307 1935 1382 1986 γὰρ
1406 1933 1450 1974 τὸ
1474 1934 1526 1985 μὴ

193 2003 499 2054 τελωνήσαντας
524 2004 704 2054 ὀφείλειν
731 2001 881 2048 αὐτούς,
911 2003 1016 2042 ἀλλὰ
1044 2001 1284 2053 κλέψαντας,
1311 2004 1468 2052 μᾶλλον
1494 2000 1526 2040 δ’

242 2123 255 2143 1
284 2112 441 2153 ἐψήφισθε
458 2111 489 2141 Α
661 2122 680 2142 2
709 2112 813 2143 εἵνεκα
837 2110 872 2150 S,
893 2111 934 2141 cf.
958 2114 994 2148 ξς
1018 2111 1088 2149 180,
1108 2121 1181 2149 213,
1201 2111 1287 2140 218:
1320 2110 1414 2142 ἕνεκα
1436 2110 1524 2149 vulg.

194 2156 342 2189 λύσαντα
357 2157 387 2186 Α
558 2165 577 2194 3
603 2156 631 2187 εἷ
649 2155 671 2185 S
688 2166 694 2185 :
719 2155 806 2194 εἰμὴ
824 2159 915 2185 cett..
935 2154 975 2184 cs.
998 2158 1012 2191 ξ
1031 2156 1083 2193 67,
1103 2154 1160 2184 viii
1179 2164 1196 2192 7
1363 2163 1383 2192 5
1408 2154 1525 2193 ἄλλον]

196 2200 307 2242 ἕτερον
324 2200 352 2230 Α
530 2200 550 2230 8
575 2201 647 2241 τιθῇ
664 2199 744 2229 secl.
767 2198 865 2228 Blass
883 2197 958 2229 coll.
979 2198 1061 2228 xxiii
1079 2198 1132 2234 86,
1151 2197 1219 2227 xlvi
1242 2206 1289 2236 12,
1308 2196 1440 2227 Andoc.
1462 2197 1470 2226 i
1488 2197 1528 2234 87

197 2245 253 2276 ἐὰν
267 2244 312 2283 μὴ
329 2244 405 2274 add.
426 2242 526 2282 Petit,
545 2243 585 2274 cs.
608 2246 645 2280 ἐξ
664 2252 717 2281 45,
737 2244 779 2282 46
882 2243 947 2281 8—9
971 2240 1202 2282 ψηφισαμένων
1219 2264 1225 2271 .
1247 2264 1254 2271 .
1275 2264 1282 2271 .
1302 2239 1529 2282 ψηφιζομένοις

196 2286 261 2318 del.
284 2286 433 2318 Dindorf
608 2295 646 2325 13
670 2288 729 2318 τὸν
746 2285 843 2325 νόμον
859 2290 934 2325 post
953 2284 1121 2327 εἰσέφερεν
1137 2285 1213 2315 add.
1234 2285 1322 2323 vulg.
1341 2296 1348 2314 z
1377 2294 1441 2314 om.
1463 2283 1530 2314 SA

199 2340 237 2369 14
271 2331 362 2363 οὐδὲν
387 2335 464 2371 post
489 2332 575 2368 ὑμεῖς
600 2329 624 2360 S
644 2330 759 2368 vulg.:
791 2334 869 2359 ante
895 2331 982 2368 ὑμεῖς
1006 2329 1037 2359 Α
1173 2338 1212 2366 15
1243 2328 1457 2369 ὡμολόγησεν
1482 2327 1529 2358 S:

197 2374 386 2415 ὡμολόγηκε
403 2373 520 2404 AYO
654 2383 696 2404 20
725 2373 766 2404 τὰ
789 2372 936 2412 μάλιστα
957 2372 987 2402 Α
1120 2381 1160 2402 22
1187 2373 1208 2409 ἢ
1232 2373 1261 2403 οἱ
1283 2373 1357 2404 τοὺς
1376 2370 1529 2402 AYOS

198 2427 289 2492 ἓοιζὲ
456 2426 497 2455 23
521 2418 540 2455 ἢ
559 2418 587 2448 οἱ
602 2417 646 2456 μὴ
663 2416 694 2447 Α
706 2416 735 2447 Y
748 2416 779 2446 O
906 2417 963 2448 τὰς
980 2418 1090 2458 χεῖρας
1107 2416 1243 2457 καθαρὰς
1259 2415 1291 2445 Α
1416 2413 1444 2447 δ’
1462 2415 1526 2446 del.

228 2471 247 2492 Ο
291 2466 303 2492 t

1555 153 1659 211 [⁷1⁸]

1553 392 1660 448 [719]

1554 543 1596 579 59

1555 1406 1603 1441 60
