1737 2734
129 532 146 563 5

109 866 148 889 10

172 138 294 193 xxm]
488 141 618 182 KAT'
662 143 1178 183 ΑΡΙΣΤΟΚΡΑΤΟΎΣ

169 249 435 299 δικαστηρίοις
458 250 638 300 γίγνεται
663 246 992 300 προστεταγμένα
1017 251 1097 289 τοῖς
1124 247 1271 298 νόμοις.
1332 246 1378 295 νὴ
1405 247 1496 292 Δία,

170 316 266 356 ἴσως
300 316 403 355 εἴποι
431 331 489 356 τις
521 315 581 361 ἄν,
614 316 720 355 ἀλλὰ
750 318 871 355 ταῦτα
900 317 974 365 μὲν
1001 314 1159 355 οὐδενός
1192 313 1276 353 ἐστ’
1306 311 1381 363 ἄξι’
1409 312 1498 353 οὐδὲ

169 382 327 424 δικαίως
363 381 568 433 εὑρημένα,
607 382 632 422 {z
668 381 700 421 δ’
734 382 914 434 ἔγραψεν
951 381 1077 426 οὗτος,
1117 382 1246 420 δίκαια
1283 380 1345 420 καὶ
1382 378 1497 419 καλά.

167 448 275 488 ἀλλὰ
303 449 533 489 τούναντίον
558 448 698 489 τούτου
725 451 798 499 μὲν
823 451 892 488 τοῦ
916 448 1183 500 ψηφίσματος
1208 447 1276 486 οὐκ
1302 445 1376 487 οἶδ’
1402 447 1439 486 εἴ
1460 463 1498 486 τι

167 515 386 566 δεινότερον
412 515 578 567 γέγονεν
608 514 759 555 πώποτ’
785 515 828 555 ἐν
853 516 956 565 ὑμῖν,
983 515 1131 554 τούτων
1160 516 1202 554 δὲ
1231 517 1310 554 τῶν
1339 512 1498 554 πάντων

166 580 284 621 ὁπόσ’
312 582 400 622 ἐστὶ
428 581 645 633 δικαστήρι’
673 583 716 622 ἐν
741 582 963 632 ἀνθρώποις
993 581 1107 621 οὐδὲν
1136 581 1225 620 οὔτε
1255 581 1497 631 σεμνότερον

166 649 255 688 οὔτε
275 649 516 701 δικαιότερον
532 647 769 701 φανήσεται.
819 649 1018 698 βούλομαι
1034 647 1067 687 δ’
1086 649 1209 688 εἰπεῖν
1226 649 1288 687 διὰ
1306 646 1497 700 βραχέων

166 715 190 754 ἲι
227 715 290 755 καὶ
324 715 447 765 ζῆλόν
482 732 570 755 τινα
607 716 670 756 καὶ
701 714 816 765 τιμὴν
853 714 968 767 φέρει
1004 720 1051 771 τῇ
1084 715 1201 754 πόλει
1230 713 1400 766 ῥηθέντα
1434 714 1496 754 καὶ

165 781 296 831 ἡδίους
315 782 451 822 ἔσεσθ’
467 782 721 824 ἀκούσαντες.
781 780 947 833 ἄρξομαι
967 780 999 821 δ’
1016 782 1196 821 ἐντεῦθεν
1211 781 1302 821 ὅθεν
1320 779 1497 831 μάλιστα

164 847 410 899 μαθήσεσθε,
449 849 514 889 ἐπὶ
551 848 623 898 τὴν
660 849 825 901 δωρειὰν
863 849 1095 889 ἐπανελθὼν
1130 847 1153 898 ἣ
1190 851 1242 902 τῷ
1281 846 1495 901 Χαριδήμῳ

166 914 332 955 δέδοται.

232 981 386 1032 ”Ημεῖς,
429 980 459 1021 ὦ
506 981 644 1035 ἄνδρες
684 981 899 1033 Ἀθηναῖοι,
944 982 1174 1034 Χαρίδημον
1223 980 1495 1031 ἐποιησάμεθα

165 1050 344 1099 πολίτην,
373 1049 436 1089 καὶ
461 1051 524 1089 διὰ
549 1051 616 1099 τῆς
646 1052 808 1100 δωρειᾶς
832 1048 974 1096 ταύτης
1003 1049 1278 1099 μετεδώκαμεν
1303 1047 1405 1102 αὐτῷ
1432 1048 1494 1088 καὶ

166 1117 280 1166 ἱερῶν
308 1116 371 1155 καὶ
402 1117 526 1157 ὁσίων
556 1118 619 1156 καὶ
648 1117 824 1167 νομίμων
855 1116 916 1155 καὶ
946 1114 1104 1155 πάντων
1132 1116 1241 1155 ὅσων
1266 1131 1339 1167 περ
1363 1114 1494 1155 αὐτοῖς

163 1181 349 1232 μέτεστιν
376 1182 483 1233 ἡμῖν.
554 1184 688 1223 πολλὰ
719 1184 793 1233 μὲν
825 1182 870 1232 δὴ
901 1181 991 1234 παρ’
1022 1182 1115 1233 ἡμῖν
1145 1183 1232 1222 ἐστι
1265 1180 1412 1221 τοιαῦθ’
1441 1180 1494 1221 οἷ’

164 1248 237 1302 οὐχ
263 1248 435 1301 ἑτέρωθι,
457 1250 500 1290 ἓν
525 1249 557 1290 δ’
576 1250 643 1290 οὖν
671 1249 876 1290 ἰδιώτατον
895 1248 1055 1289 πάντων
1080 1249 1142 1289 καὶ
1167 1249 1428 1299 σεμνότατον,
1449 1248 1494 1288 τὸ

164 1317 207 1355 ἐν
233 1315 371 1371 Ἀρείῳ
401 1315 515 1371 πάγῳ
544 1315 810 1368 δικαστήριον,
841 1317 938 1367 ὑπὲρ
969 1315 1013 1356 οὗ
1041 1315 1201 1356 τοσαῦτ’
1227 1315 1337 1356 ἔστιν
1367 1316 1493 1355 εἰπεῖν

165 1384 267 1422 καλὰ
285 1383 582 1434 παραδεδομένα
603 1382 664 1423 καὶ
682 1383 839 1434 μυθώδη
858 1383 921 1423 καὶ
940 1384 995 1422 ὧν
1015 1382 1126 1422 αὐτοὶ
1144 1381 1335 1434 μάρτυρές
1355 1383 1490 1433 ἐσμεν,

163 1451 240 1489 ὅσα
268 1450 357 1502 περὶ
381 1449 539 1492 οὐδενὸς
558 1449 686 1491 ἄλλου
711 1450 975 1501 δικαστηρίου·
1014 1451 1067 1489 ὧν
1089 1449 1260 1501 ὡσπερεὶ
1284 1450 1492 1500 δείγματος

163 1516 279 1556 εἵνεκ’
303 1515 416 1567 ἄξιόν
444 1518 557 1557 ἐστιν
586 1517 628 1557 ἓν
652 1513 675 1567 ἢ
701 1516 762 1557 δύ’
789 1517 966 1558 ἀκοῦσαι.
1039 1520 1153 1557 τοῦτο
1181 1518 1254 1567 μὲν
1282 1517 1415 1556 τοίνυν
1444 1517 1491 1555 τὰ

162 1583 325 1629 παλαιά,
358 1584 409 1625 ὡς
440 1584 533 1634 ἡμῖν
568 1584 723 1624 ἀκούειν
757 1583 1033 1635 παραδέδοται,
1065 1585 1108 1624 ἐν
1140 1584 1246 1637 μόνῳ
1279 1583 1403 1637 τούτῳ
1437 1587 1491 1637 τῷ

162 1652 401 1705 δικαστηρίῳ
428 1652 537 1692 δίκας
558 1652 685 1703 φόνου
704 1652 786 1691 θεοὶ
814 1651 875 1690 καὶ
901 1654 1036 1691 δοῦναι
1062 1650 1125 1690 καὶ
1149 1653 1295 1701 λαβεῖν
1315 1649 1492 1700 ἠξίωσαν

164 1719 226 1758 καὶ
264 1718 444 1758 δικασταὶ
485 1717 675 1769 γενέσθαι
715 1720 979 1771 διενεχθεῖσιν
1018 1716 1226 1767 ἀλλήλοις,
1267 1717 1318 1758 ὡς
1355 1717 1490 1768 λόγος·

161 1788 308 1834 λαβεῖν
327 1787 399 1835 μὲν
421 1787 630 1825 Ποσειδῶν
649 1784 1009 1837 ὑπὲρ“Αλιρροθίου
1029 1788 1096 1825 τοῦ
1115 1785 1199 1825 υἱοῦ
1218 1783 1308 1835 παρ’
1323 1782 1489 1835 ”Αρεως,

125 1871 139 1901 g
162 1850 322 1891 δικάσαι
350 1851 382 1892 δ’
409 1852 624 1902 Εὐμενίσιν
653 1852 715 1891 καὶ
741 1851 916 1908 Ὀρέστῃ
942 1853 979 1892 οἱ
1009 1851 1159 1892 δώδεκα
1188 1852 1282 1891 θεοί.
1355 1850 1418 1890 καὶ
1442 1852 1491 1890 τὰ

160 1920 234 1968 μὲν
259 1918 305 1968 δὴ
332 1920 482 1958 παλαιὰ
509 1921 643 1958 ταῦτα·
680 1920 728 1958 τὰ
757 1918 790 1958 δ’
816 1919 996 1970 ὕστερον,
1024 1921 1138 1958 τοῦτο
1165 1918 1288 1969 μόνον
1311 1916 1357 1957 τὸ
1381 1920 1488 1958 δικα-

162 1983 326 2035 στήριον
357 1985 448 2038 οὐχὶ
480 1985 679 2036 τύραννος,
709 1985 777 2025 οὐκ
811 1986 1037 2038 ὀλιγαρχία,
1072 1985 1117 2024 οὐ
1150 1985 1389 2035 δημοκρατία
1420 1984 1490 2025 τὰς

163 2054 330 2103 φονικὰς
355 2053 463 2094 δίκας
488 2051 715 2104 ἀφελέσθαι
739 2053 993 2103 τετόλμηκεν,
1021 2053 1127 2092 ἀλλὰ
1152 2050 1299 2092 πάντες
1323 2049 1487 2090 ἀσθενέ-

164 2135 305 2170 στερον
329 2118 377 2159 ἂν
402 2118 447 2158 τὸ
470 2120 618 2159 δίκαιον
645 2120 771 2171 εὑρεῖν
794 2118 983 2170 ἡγοῦνται
1008 2119 1096 2170 περὶ
1121 2118 1269 2157 τούτων
1288 2116 1398 2157 αὐτοὶ
1422 2120 1490 2157 τοῦ

205 2240 223 2267 4
248 2230 306 2260 τοῦ
323 2227 547 2269 ψηφίσματος]
565 2228 717 2269 ψήφισμα
733 2226 765 2257 Α
880 2237 918 2267 19
943 2228 1012 2268 περὶ
1030 2227 1111 2258 secl.
1132 2227 1230 2257 Blass
1335 2237 1375 2256 22
1400 2226 1489 2259 δίκας

162 2272 262 2312 φόνου
296 2273 359 2303 θεοὶ
393 2272 417 2302 S
449 2272 566 2310 vuig.:
609 2272 673 2303 θεοὶ
713 2271 801 2303 δίκας
833 2270 931 2311 φόνου
972 2271 1049 2301 kv:
1089 2271 1153 2302 θεοὶ
1191 2271 1279 2302 δίκας
1321 2269 1486 2309 Hermog.

165 2316 229 2346 Rh.
256 2315 313 2346 Gr.
341 2315 373 2345 iii
399 2325 462 2354 313
611 2325 651 2353 24
684 2316 849 2347 Ποσειδῶν
874 2314 898 2344 S
923 2314 1031 2353 vulg.:
1064 2316 1208 2346 Ποσειδῶ
1232 2313 1282 2344 A:
1316 2314 1489 2345 Ποσειδῶν’

163 2358 260 2389 Blass
435 2369 476 2398 25
516 2359 545 2390 οἱ
577 2382 583 2387 .
615 2382 622 2389 .
652 2382 657 2387 .
692 2358 757 2390 θεοί
789 2357 910 2388 codd.:
945 2358 1020 2389 τοὺς
1052 2380 1058 2387 .
1089 2380 1097 2388 .
1129 2380 1136 2387 .
1172 2357 1261 2389 θεοὺς
1288 2356 1388 2388 Blass
1414 2366 1488 2387 cum

163 2401 326 2441 Hermog.
353 2401 374 2434 1.
388 2412 415 2433 c.

1531 143 1652 197 [640]

1528 239 1640 340 {3⁴¹³

1521 1521 1567 1556 66
