1737 2734
99 129 205 184 [615]
662 130 1142 168 ΔΙΙΜΟΣΘΕΝΟΎΣ
1454 124 1560 178 [xxix

236 233 380 281 μόσιον
406 235 586 283 παρεῖναι
610 232 896 284 προσέγραψεν
917 233 966 274 ὡς
992 233 1039 283 δὴ
1065 234 1210 275 δίκαιος
1237 234 1302 279 ὥν,
1323 234 1376 274 ῶν
1397 234 1561 276 ἕκαστος

237 299 502 350 ἀντιγραφεὺς
528 300 698 348 ἔμελλεν
723 299 889 339 ἔσεσθαι
919 303 996 339 τῶν
1028 300 1351 351 εἰσενεγκόντων·
1390 300 1454 340 ἐπὶ
1478 305 1561 342 τοῖς

238 364 453 416 στεφάνοις
478 364 510 404 δ’
530 365 594 406 οὓς
616 365 851 405 κατέκοπτεν
872 365 959 418 οὐχὶ
987 365 1244 417 προσήγαγεν
1269 365 1388 406 ταύτὸ
1412 368 1561 406 δίκαιον

236 435 362 476 τοῦτο,
397 431 489 471 ἀλλ’
519 431 634 472 αὑτὸς
663 431 804 482 ῥήτωρ,
837 433 1075 484 χρυσοχόος,
1113 433 1264 482 ταμίας,
1297 433 1561 484 ἀντιγραφεὺς

162 511 201 544 71
236 497 413 548 γέγονεν.
485 499 546 537 καὶ
575 497 651 547 μὴν
681 499 714 538 εἰ
743 500 815 548 μὲν
849 497 990 538 ἅπαντ’
1022 498 1167 548 ἠξίους,
1196 499 1273 537 ὅσα
1304 497 1484 549 πράττεις
1513 505 1561 555 τῇ
1581 517 1598 547 5

236 564 364 608 πόλει,
392 567 523 617 σαυτῷ
549 565 763 609 πιστεύειν,
791 564 858 603 οὐκ
884 565 931 604 ἂν
962 565 1103 614 ὁμοίως
1134 564 1303 614 κλέπτης
1325 563 1378 604 ὢν
1402 566 1557 616 ἐφωρῶ·

237 633 304 669 νῦν
341 629 373 669 δ’
411 631 475 670 ἐπὶ
511 633 594 671 ταῖς
632 632 840 682 εἰσφοραῖς
873 630 894 670 ὃ
926 632 1077 671 δίκαιόν
1114 630 1198 670 ἐσθ’
1230 631 1378 682 ὁρίσας,
1410 631 1461 680 μὴ
1495 632 1560 671 σοὶ

236 696 450 742 πιστεύειν,
478 697 583 736 ἀλλὰ
609 700 690 738 τοῖς
724 699 861 746 ἑαυτῆς
887 698 1042 738 δούλοις
1068 697 1139 746 τὴν
1166 698 1295 743 πόλιν,
1324 697 1430 737 ὁπότ’
1456 697 1559 737 ἄλλο

233 779 270 802 τι,
298 762 479 814 πράττων
517 763 578 802 καὶ
610 762 791 815 χρήματα
824 767 939 803 κινῶν
971 763 1066 814 ἱερά,
1102 765 1155 803 ὧν
1187 763 1256 803 ἔνι’
1288 763 1366 802 οὐδ’
1399 764 1461 804 ἐπὶ
1491 766 1559 813 τῆς

234 829 422 881 ἡμετέρας
459 832 596 880 γενεᾶς
632 830 808 879 ἀνετέθη,
842 830 894 879 μὴ
930 830 1291 882 προσγραψάμενος
1327 830 1400 880 τὴν
1437 830 1557 879 αὐτὴν
1584 848 1620 870 10

234 896 418 947 φυλακὴν
445 896 567 946 ἤνπερ
588 896 674 946 περὶ
694 900 769 935 τῶν
795 898 996 947 εἰσφορῶν
1023 897 1169 948 φαίνει,
1192 896 1258 935 οὐκ
1282 897 1446 946 εὔδηλον
1474 896 1520 936 δι’
1537 897 1557 936 ὃ

159 978 201 1011 72
232 963 336 1002 τοῦτ’
354 963 561 1012 ἐποίησας;
596 963 674 1014 ἐγὼ
690 965 761 1011 μὲν
778 962 896 1012 οἶμαι.
954 963 1015 1002 καὶ
1031 962 1121 1013 μήν,
1140 961 1168 1002 ὦ
1184 963 1321 1013 ἄνδρες
1338 963 1553 1013 Ἀθηναῖοι,

233 1031 295 1069 καὶ
322 1031 417 1068 κατὰ
443 1029 588 1070 παντὸς
614 1032 680 1068 τοῦ
710 1030 855 1081 χρόνου
886 1029 1090 1081 σκέψασθ’
1112 1029 1162 1070 ὡς
1193 1031 1292 1068 καλὰ
1325 1030 1386 1069 καὶ
1419 1030 1556 1079 ζηλώτ’

232 1095 508 1148 ἐπιγράμματα
537 1098 605 1145 τῆς
635 1096 790 1137 πόλεως
819 1096 973 1136 ἀνελὼν
1004 1096 1055 1137 ὡς
1088 1096 1220 1146 ἀσεβῆ
1250 1096 1313 1135 καὶ
1344 1095 1436 1136 δείν’
1465 1097 1553 1136 ἀντ-

89 1158 199 1213 [616]
231 1162 511 1214 επιγέγραφεν.
582 1162 688 1212 οἶμαι
715 1164 789 1214 γὰρ
815 1163 912 1212 ὑμᾶς
938 1162 1116 1204 ἅπαντας
1141 1163 1235 1214 ὁρᾶν
1260 1162 1334 1202 ὑπὸ
1360 1167 1437 1202 τῶν
1463 1179 1551 1202 στε-
1584 1180 1618 1211 ¹5

230 1228 370 1280 φάνων
400 1233 484 1270 ταῖς
514 1230 729 1282 χοινικίσιν
760 1228 935 1269 κάτωθεν
967 1229 1221 1281 γεγραμμένα
1255 1231 1264 1245 ‘
1283 1231 1319 1269 οἱ
1353 1230 1555 1282 σύμμαχοι

228 1296 296 1336 τὸν
321 1298 445 1346 δῆμον
471 1297 733 1347 ἀνδραγαθίας
760 1297 889 1336 εἵνεκα
914 1297 976 1336 καὶ
1003 1295 1281 1346 δικαιοσύνης,’
1309 1294 1328 1345 ἦ
1359 1298 1368 1312 ‘
1385 1298 1420 1336 οἱ
1455 1298 1551 1346 σύμ-

227 1379 348 1416 μαχοι
374 1364 574 1415 ἀριστεῖον
598 1368 644 1419 τῇ
671 1362 889 1416 Ἀθηιάίᾳ,’
915 1360 937 1412 ἢ
964 1365 1061 1403 κατὰ
1087 1364 1222 1404 πόλεις
1249 1367 1257 1379 ⁴
1276 1365 1312 1403 οἱ
1339 1366 1461 1405 δεῖνες
1487 1361 1555 1403 τὸν

228 1432 364 1479 δῆμον,
392 1429 590 1471 σωθέντες
620 1429 695 1469 ὑπὸ
724 1433 792 1469 τοῦ
822 1429 971 1480 ὃήμου,’
998 1431 1082 1470 οἶον
1115 1433 1122 1446 ‘
1143 1429 1311 1479 Εὐβοεῖς
1343 1431 1553 1481 ἐλευθερω-

228 1496 362 1538 θέντες
396 1496 687 1547 ἐστεφάνωσαν
723 1496 791 1536 τὸν
828 1496 977 1547 δῆμον,’
1012 1496 1134 1536 πάλιν
1173 1500 1181 1513 ⁴
1203 1497 1339 1536 Κόνων
1376 1497 1454 1537 ἀπὸ
1489 1499 1556 1546 τῆς
1583 1515 1620 1536 20

228 1564 448 1616 ναυμαχίας
467 1566 536 1613 τῆς
556 1563 652 1614 πρὸς
674 1563 1030 1613 Λακεδαιμονίους·’
1069 1566 1228 1602 τοιαῦτα
1254 1565 1328 1615 γὰρ
1350 1562 1394 1612 ἦν
1414 1565 1460 1602 τὰ
1480 1567 1556 1603 τῶν

153 1639 196 1675 73
228 1629 441 1681 στεφάνων
466 1629 753 1682 ἐπιγράμματα.
816 1633 938 1670 ταῦτα
961 1632 1032 1680 μὲν
1058 1631 1203 1675 τοίνυν,
1232 1630 1255 1670 ἃ
1284 1630 1405 1679 ζῆλον
1430 1631 1557 1670 πολὺν

228 1696 311 1749 εἶχε
350 1698 413 1737 καὶ
452 1697 685 1747 φιλοτιμίαν
725 1697 827 1747 ὑμῖν,
870 1696 1090 1749 ἠφάνισται
1132 1696 1441 1747 καθαιρεθέντων
1480 1700 1556 1736 τῶν

906 1764 936 1777 0»

228 1762 456 1815 στεφάνων·
494 1764 558 1804 ἐπὶ
591 1768 675 1805 ταῖς
707 1763 872 1816 φιάλαις
903 1778 922 1804 ο
967 1765 1012 1805 ἃς
1045 1763 1126 1803 ἀντ’
1160 1765 1319 1803 ἐκείνων
1352 1762 1557 1813 ἐποιήσαθ’

276 1884 286 1903 1
316 1874 369 1912 637]
395 1875 433 1905 ἂν
458 1873 546 1909 SL1,
568 1874 627 1904 Sed
653 1875 691 1911 δὴ
718 1874 797 1903 xxiv
828 1873 886 1911 178
910 1883 1037 1904 omnes.
1062 1872 1101 1904 cs.
1126 1873 1208 1903 xxiii
1236 1883 1270 1911 17
1376 1874 1492 1905 δίκαιος
1518 1876 1561 1905 ὤν

229 1917 291 1947 SL
316 1917 426 1956 vulg:
459 1918 580 1949 δίκαιον
608 1917 644 1949 ὅν
672 1918 744 1947 cod.
775 1917 871 1947 Bodl.
899 1917 987 1956 apud
1012 1916 1208 1956 Taylorum‚
1237 1917 1354 1947 Blass:
1388 1918 1505 1949 δίκαιος
1529 1917 1559 1946 Α

228 1973 245 1998 4
273 1962 365 1992 αὑτὸς
380 1961 476 1991 Blass
492 1967 642 1999 &auctore
659 1960 829 1990 Dobrae0=
847 1960 920 1991 coll.
939 1971 983 1990 xx
1001 1970 1080 1999 149:
1107 1961 1202 1992 αὐτὸς
1217 1959 1240 1990 S
1256 1960 1345 1999 vulg.
1362 1971 1368 1990 τ
1393 1961 1506 1992 αὐτοὺς
1522 1961 1558 1990 L¹

228 2008 245 2036 ὁ
269 2010 347 2034 ante
372 2005 476 2044 ῥήτωρ
501 2004 575 2034 add.
598 2006 620 2034 S
636 2004 693 2033 L¹z
729 2015 793 2035 om.
813 2010 891 2035 cett.
911 2009 943 2033 et
969 2004 1049 2033 xxiv
1071 2005 1130 2043 178
1154 2013 1274 2033 ornnes
1421 2004 1560 2044 γέγονεν

229 2047 441 2088 ἀντιγραφεύς
460 2048 483 2077 S
498 2048 523 2077 L
685 2058 694 2076 1
706 2058 717 2077 1
746 2048 843 2088 ἥνπερ
861 2049 928 2087 περὶ
950 2047 981 2077 F¹
1003 2058 1009 2077 ι
1034 2047 1073 2084 ἣν
1090 2048 1160 2086 περὶ
1179 2046 1202 2077 S
1216 2047 1241 2076 L
1253 2046 1283 2076 Y
1300 2058 1307 2076 :
1330 2047 1430 2088 ἥνπερ
1447 2049 1498 2078 ἐπὶ
1516 2047 1555 2076 al.

231 2092 255 2121 S
277 2104 326 2132 γρ.
351 2096 384 2121 et
408 2091 488 2120 xxiv
520 2101 579 2130 179
603 2100 723 2120 omnes
812 2091 916 2131 φαίνει
942 2090 1021 2119 xxiv
1045 2100 1104 2129 179
1129 2089 1230 2120 SA¹³
1256 2090 1352 2132 φαίνῃ
1373 2090 1462 2129 vulg.
1482 2090 1534 2120 hic
1554 2102 1559 2120 :

230 2135 344 2174 φανείη
363 2134 386 2164 S
401 2134 424 2164 L
444 2135 497 2165 hic
588 2134 621 2165 εὖ
639 2137 739 2171 δῆλον
753 2134 777 2163 S
866 2133 899 2173 a]
916 2134 934 2164 ἃ
952 2133 975 2163 S
990 2132 1039 2170 L¹,
1053 2134 1112 2163 sed
1126 2135 1142 2165 ἲ)
1157 2134 1237 2163 xxiv
1252 2143 1311 2172 179
1426 2144 1461 2171 14
1488 2134 1560 2164 ἀντ-

232 2177 413 2218 επέγραψεν
446 2178 526 2207 xxiv
562 2179 623 2208 180
655 2188 773 2207 omnes
809 2183 841 2207 et
881 2177 932 2206 hic
968 2176 1062 2207 Blass
1263 2186 1298 2214 17
1339 2178 1445 2208 εἵνεκα
1478 2180 1558 2214 (non

233 2222 339 2252 &venai
361 2221 426 2251 SY
446 2221 498 2251 hic
516 2226 549 2251 et
568 2221 648 2250 xxiv
670 2222 730 2251 180
748 2221 783 2253 S.
803 2220 841 2250 cf.
864 2231 908 2250 xx
930 2230 940 2249 1
1122 2221 1159 2249 18
1183 2222 1223 2261 τῇ
1240 2230 1303 2250 om.
1324 2219 1348 2249 S
1363 2219 1400 2250 L¹
1420 2221 1472 2250 hic
1493 2230 1559 2250 non

234 2265 312 2294 xxiv
343 2265 402 2294 180
535 2264 683 2305 Ἀθηναίᾳ
708 2264 774 2294 vid.
804 2264 1030 2294 Meisterhans
1056 2263 1112 2293 Gr.
1139 2263 1207 2293 Att.
1235 2263 1383 2294 Inschr.:
1417 2265 1560 2300 ἆθηναΐαι

235 2310 258 2337 S
285 2309 358 2345 (sed
383 2313 556 2346 expuncto
581 2312 734 2337 extremo
760 2321 804 2343 αι,;
834 2305 892 2338 Ι);
928 2307 1046 2349 Ἀθηνᾷ
1073 2307 1163 2345 vulg.
1190 2313 1224 2337 et
1248 2307 1329 2336 xxiv
1357 2307 1418 2337 180
1442 2316 1560 2336 omnes

234 2362 275 2381 ρο
305 2356 380 2424 ρῧεῐ
408 2353 508 2389 δῆμον
532 2351 608 2381 add.
632 2351 859 2391 ἐπεγέγραπτό
882 2363 941 2381 που
966 2351 1054 2389 vulg.
1077 2355 1110 2380 et
1135 2350 1215 2380 xxiv
1243 2351 1301 2381 180
1324 2360 1463 2380 omnes:
1493 2360 1557 2380 om.

236 2395 259 2425 S
274 2395 298 2424 L
