1737 2734
104 138 212 193 [651]

170 257 210 291 91

99 1558 214 1612 [652]

664 137 1150 176 ΔΗΜΟΣΘΕΝΟΎΣ
1447 133 1567 186 [xxm

246 243 375 295 κρίσιν
399 241 581 292 οὐδεμίαν
606 245 658 295 τῷ
684 241 755 291 τὴν
781 243 908 282 αἰτίαν
935 244 1079 295 ἔχοντι.
1152 242 1355 294 γέγραφεν
1371 244 1444 293 γὰρ
1473 245 1482 260 ‘
1500 242 1569 282 ἐάν

246 326 303 351 τις
329 310 540 363 ἀποκτείνῃ
572 309 812 358 Χαρίδημον,
840 309 1038 359 ἀγώγιμος
1069 310 1185 353 ἔστω,
1215 310 1283 348 ἐὰν
1312 308 1354 348 δέ
1384 326 1440 349 τις
1467 308 1565 360 ἀφέ-

245 382 363 426 ληται
397 372 418 423 ἦ
457 375 573 415 πόλις
611 371 631 423 ἦ
666 375 833 424 ἰδιώτης,
870 375 1089 416 ἔκσπονδος
1123 375 1254 419 ἔστω,’
1290 375 1357 413 οὐκ
1390 377 1484 414 “ἐὰν
1515 375 1567 424 μὴ

246 441 434 496 παράσχῃ
473 442 528 482 εἰς
565 442 694 491 κρίσιν
731 440 800 480 τὸν
839 441 1130 493 ἀφαιρεθέντα,’
1168 441 1260 480 ἀλλ’
1301 443 1404 482 ὅλως
1443 440 1567 482 εὐθύς.

246 508 369 548 καίτοι
396 509 431 547 εἴ
454 507 491 558 γ’
518 508 645 546 ἐδίδου
679 508 806 558 κρίσιν
837 508 899 547 καὶ
928 507 979 557 μὴ
1011 509 1215 563 ἀφῃρεῖτο,
1244 507 1324 546 τότ’
1349 506 1397 546 ἂν
1422 506 1566 557 προσέ-
1589 523 1606 554 5

246 579 403 626 γραψεν
430 576 525 613 κατὰ
555 577 632 613 τῶν
663 573 925 625 ἀφελομένων
950 574 1022 623 τὴν
1046 576 1248 625 τιμωρίαν,
1277 572 1385 614 ὁπότ’
1416 575 1470 614 εἰς
1497 573 1569 622 τὴν

247 642 374 692 κρίσιν
399 640 451 690 μὴ
476 639 683 692 παρέσχον
704 640 747 679 ὃν
775 640 989 688 ἐξείλοντο.

313 707 435 757 Οἶμαι
461 708 591 746 τοίνυν
612 706 730 746 αὐτὸν
751 707 931 746 κάκεῖνον
954 708 1055 757 ἐρεῖν
1076 705 1143 746 τὸν
1163 707 1299 757 λόγον,
1329 707 1390 746 καὶ
1412 705 1569 757 σφόδρα

246 774 367 829 ταύτῃ
390 772 573 823 ζητήσειν
593 770 792 822 ἐξαπατᾶν
817 774 928 822 ὑμᾶς,
951 773 1002 814 ὡς
1027 771 1170 823 ἄκυρόν
1191 774 1279 812 ἐστι
1298 772 1342 811 τὸ
1358 771 1566 823 ψήφισμα·

246 841 526 892 προβούλευμα
551 838 626 891 γάρ
652 841 775 886 ἐστιν,
803 840 823 878 ὁ
853 840 971 890 νόμος
1005 838 1037 878 δ’
1065 838 1221 879 ἐπέτεια
1252 840 1402 878 κελεύει
1427 840 1474 877 τὰ
1499 840 1569 887 τῆς
1593 854 1630 876 10

245 909 397 957 βουλῆς
414 906 513 946 εἶναι
529 907 788 958 ψηφίσματα,
806 906 911 946 ὥστε
929 904 999 945 κᾶν
1015 905 1131 944 αὐτοῦ
1147 908 1214 945 νῦν
1231 905 1566 956 ἀποψηφίσησθε,

245 975 269 1023 ἥ
293 991 339 1025 γε
364 973 480 1014 πόλις
500 976 680 1024 φλαῦρον
699 972 812 1013 οὐδὲν
833 973 1014 1012 πείσεται
1039 973 1136 1011 κατὰ
1160 971 1205 1011 τὸ
1229 971 1426 1023 ψήφισμα
1442 973 1567 1010 τοῦτο.

246 1041 322 1092 ἐγὼ
355 1042 397 1080 δὲ
423 1039 519 1090 πρὸς
543 1039 650 1078 ταῦτ’
676 1039 783 1089 οἶμαι
808 1042 888 1079 δεῖν
913 1040 1011 1088 ὑμᾶς
1037 1037 1151 1078 ἐκεῖν’
1176 1036 1489 1088 ὑπολαμβάνειν,
1510 1037 1568 1076 ὅτι

245 1107 289 1147 τὸ
308 1105 506 1158 ψήφισμα
530 1105 634 1145 τοῦθ’
655 1106 767 1147 οὗτος
786 1105 963 1157 ἔγραψεν
983 1105 1056 1157 οὐχ
1081 1104 1130 1145 ἵν’
1150 1106 1262 1145 ὄντος
1282 1104 1425 1155 ἀκύρου
1447 1105 1571 1154 μηδὲν

246 1174 361 1223 ἀηδὲς
386 1174 476 1223 ὑμῖν
502 1177 640 1229 συμβῇ
665 1172 750 1222 (τὴν
771 1171 898 1225 ἀρχὴν
923 1173 998 1223 γὰρ
1023 1170 1116 1221 ἐξῆν
1136 1171 1237 1224 αὐτῷ
1261 1170 1313 1221 μὴ
1331 1169 1513 1223 γράφειν,
1536 1171 1574 1210 εἴ
1594 1186 1629 1218 ¹5

246 1257 291 1292 γε
317 1244 359 1279 τὸ
387 1239 606 1284 βέλτιστον
629 1245 677 1295 τῇ
703 1239 819 1278 πόλει
850 1241 1013 1278 σκοπεῖν
1040 1236 1246 1288 ἐβούλετο)
1279 1236 1371 1277 ἀλλ’
1405 1236 1454 1276 ἵν’
1480 1237 1497 1275 ε’
1525 1252 1567 1275 α-

247 1306 500 1356 πατηθέντων
537 1307 643 1356 ὑμῶν
680 1304 962 1357 διαπράξαιντό
997 1321 1100 1346 τινες
1135 1304 1323 1344 τάναντία
1358 1307 1440 1344 τοῖς
1481 1304 1571 1353 ὑμῖν

247 1373 533 1425 συμφέρουσιν.
606 1374 641 1412 οἱ
666 1374 707 1412 δὲ
733 1371 984 1424 γραψάμενοι
1009 1371 1070 1411 καὶ
1096 1372 1262 1424 χρόνους
1283 1369 1571 1420 ἐμποιήσαντες

248 1441 309 1480 καὶ
334 1440 381 1480 δι’
408 1440 474 1482 οὓς
504 1439 646 1488 ἄκυρόν
673 1441 796 1484 ἐστιν,
834 1439 943 1488 ἡμεῖς
973 1439 1107 1488 ἐσμεν.
1181 1438 1329 1477 ἄτοπον
1355 1436 1399 1486 δὴ
1426 1435 1570 1488 γένοιτ’

246 1507 305 1556 ἄν,
333 1508 366 1547 εἰ
390 1507 443 1546 ὧν
468 1506 560 1556 ἡμῖν
586 1505 702 1559 χάριν
729 1505 829 1547 εἰκὸς
850 1504 1053 1557 ὑπάρχειν,
1082 1508 1202 1544 ταῦτα
1231 1505 1381 1545 τούτοις
1407 1504 1462 1545 εἰς
1490 1519 1568 1542 σω-
1593 1519 1631 1542 20

246 1574 382 1625 τηρίαν
401 1572 622 1624 ὑπάρξειεν.
684 1573 740 1612 ἔτι
759 1573 890 1612 τοίνυν
915 1571 993 1611 οὐδ’
1012 1570 1278 1611 ἀπλοῦντοῧθ’
1298 1571 1419 1612 οὕτως
1445 1570 1569 1614 ἐστίν,

246 1641 297 1682 ὥς
322 1658 379 1681 τις
405 1641 539 1680 οἴεται.
614 1641 646 1679 εἰ
674 1642 746 1689 μὲν
777 1641 850 1690 γὰρ
875 1638 1009 1689 μηδεὶς
1038 1638 1163 1679 ἄλλος
1196 1636 1241 1686 ἧν
1268 1639 1378 1678 ὅστις
1403 1636 1571 1687 ἔμελλεν

246 1707 389 1757 ὁμοίως
414 1707 537 1760 τούτῳ
568 1709 646 1746 τῶν
675 1706 960 1757 συμφερόντων
986 1706 1076 1755 ὑμῖν
1106 1703 1357 1755 ὀλιγωρήσας
1386 1702 1569 1755 γράφειν,

246 1776 344 1815 ἴσως
370 1773 417 1813 ἂν
444 1772 489 1823 ἦν
515 1776 641 1812 τοῦτο·
680 1775 748 1812 νῦν
773 1772 804 1812 δ’
825 1774 949 1812 ὄντων
970 1771 1038 1811 οὐκ
1058 1772 1205 1823 ὀλίγων
1226 1770 1314 1824 οὐχὶ
1335 1773 1464 1811 καλῶς
1488 1769 1572 1822 ἔχει

244 1841 296 1891 μὴ
333 1844 453 1880 λῦσαι
490 1840 533 1880 τὸ
570 1838 753 1891 ψήφισμ’
790 1840 889 1889 ὑμῖν.
963 1840 1021 1879 τίς
1057 1840 1130 1889 γὰρ
1164 1837 1208 1877 οὐ
1239 1836 1389 1889 γράψει
1420 1839 1572 1887 θαρρῶν
1594 1853 1630 1885 ²5

246 1907 378 1950 πάλιν,
403 1906 499 1956 ἡνίκ’
525 1906 572 1946 ἂν
596 1905 619 1961 ᾗ
644 1906 747 1945 τοῦτ’
769 1906 1067 1956 αποπεφευγός;
1105 1905 1164 1946 τίς
1189 1904 1220 1944 δ’
1247 1904 1315 1943 οὐκ
1337 1905 1570 1954 ἐπιψηφιεῖ,·

246 1975 304 2015 τίς
330 1977 371 2014 δὲ
396 1973 612 2025 γράψεται;
657 1973 702 2012 οὐ
730 1973 862 2012 τοίνυν
891 1975 1004 2011 τοῦτο
1031 1970 1236 2016 σκεπτέον,
1266 1972 1298 2010 εἰ
1329 1969 1433 2009 τοῦτ’
1460 1970 1572 2010 ἔστιν

246 2041 388 2092 ἄκυρον
413 2043 493 2081 τοῖς
519 2040 690 2093 χρόνοις,
719 2038 810 2079 ἀλλ’
837 2041 975 2084 ἐκεῖνο,
997 2039 1057 2078 ὅτι
1082 2044 1129 2094 τῇ
1154 2038 1241 2089 περὶ
1266 2037 1404 2076 τούτου
1429 2034 1569 2089 ψήφῳ,

247 2111 315 2147 νῦν
337 2109 404 2147 ἐὰν
430 2108 765 2159 ἀποψηφίσησθε,
787 2109 868 2146 τοῖς
895 2106 1041 2145 ἀδικεῖν
1060 2104 1322 2156 βουλομένοις
1343 2103 1451 2144 αὖθις
1474 2103 1571 2152 ὑμᾶς

247 2174 381 2214 ἄδειαν
407 2174 568 2213 δώσετε.
1591 2186 1629 2217 30

291 2293 309 2322 5
341 2283 407 2324 καὶ]
435 2284 454 2320 ἢ
480 2281 542 2313 SF
676 2291 691 2319 7
727 2282 889 2322 ἐξείλοντο
915 2280 1084 2311 SFYO:
1115 2279 1291 2320 ἀφείλοντο
1316 2278 1357 2317 Α,
1382 2277 1422 2309 cf.
1449 2278 1505 2308 viii
1530 2288 1572 2316 42

246 2338 266 2365 9
292 2327 399 2374 ζητεῖν
428 2326 495 2356 AF
521 2339 572 2366 γρ.
731 2336 768 2354 12
793 2327 889 2356 τοῦτο
915 2326 953 2356 τὸ
981 2324 1130 2362 ψήφισμα
1158 2323 1181 2353 S
1323 2331 1360 2352 21
1389 2321 1514 2362 ὑπάρξει
1540 2320 1572 2351 Α

247 2381 285 2406 24
311 2376 350 2407 ἠν
367 2372 464 2401 τοῦτο
484 2369 507 2399 S
525 2368 637 2399 solus:
662 2367 763 2405 ἧττον
780 2367 820 2405 ἧν
836 2371 932 2399 τοῦτο
952 2367 975 2396 F
989 2367 1017 2396 Y
1031 2366 1080 2397 O:
1110 2365 1213 2404 ἦττον
1228 2365 1268 2403 ἧν
1285 2365 1389 2397 δεινόν
1405 2365 1435 2394 Α
1452 2371 1485 2394 et
1504 2364 1569 2395 Rh.

248 2414 304 2443 Gr.
318 2424 337 2441 v
352 2413 403 2451 36y
420 2413 461 2443 ef.
478 2415 492 2448 ξ
517 2414 575 2442 128
593 2423 599 2441 :
624 2413 765 2452 φορητὸν
781 2411 821 2448 ἧν
837 2414 934 2442 τοῦτο
950 2410 1098 2440 Dindorf
1184 2409 1224 2439 28
1250 2411 1351 2440 ἐκεῖνο
1369 2411 1444 2450 ὁρᾶν
1462 2408 1486 2438 F
1499 2408 1526 2437 Y
1540 2407 1570 2438 Ο

247 2467 288 2494 29
311 2455 519 2495 βουλομένοις
538 2456 561 2486 S
574 2454 604 2486 Ο
621 2466 627 2485 t
652 2454 908 2494 βουλησομένοις
926 2454 1014 2493 vulg.
