1737 2734
106 866 144 888 10

105 1532 143 1552 20

165 135 284 189 xxm]
479 137 608 177 KAT’
651 138 1165 177 ΑΡΙΣΤΟΚΡΑΤΟΎΣ

162 243 311 295 πρέπον
336 244 427 293 ὑμῖν
451 246 518 282 τοῦ
549 244 622 293 μὲν
652 244 781 283 εἵνεκα
805 244 874 292 τῆς
898 244 1036 282 ἑαυτοῦ
1064 241 1298 292 πλεονεξίας
1325 243 1488 292 ἐπιβου-

161 310 378 351 λεύσοντος
417 310 474 351 οἶς
514 309 563 350 ἂν
603 310 703 365 τύχῃ
742 310 927 359 τοιαύτην
966 308 1149 361 φυλακὴν
1187 308 1491 361 ἐψηφισμένους

163 377 392 429 φαίνεσθαι,
414 380 495 417 τοῖς
520 375 553 416 δ’
573 377 670 427 ὑπὲρ
690 378 758 426 τῆς
784 378 932 416 ἑαυτῶν
958 376 1184 427 ἐλευθερίας
1209 374 1490 426 ἀμυνουμένοις

163 446 366 495 εἴργεσθαι
394 446 462 493 τῆς
492 441 682 494 ὑμετέρας
715 444 943 495 συμμαχίας
976 442 1267 495 προειρηκέναι;
1306 442 1384 494 ἐγὼ
1416 444 1490 492 μὲν

162 511 236 563 οὐχ
260 508 535 560 ὑπολαμβάνω
563 509 667 549 τοῦτ’
693 510 782 550 οὔτε
813 513 942 551 καλῶς
974 509 1083 562 ἔχειν
1113 509 1193 549 οὔθ’
1219 510 1325 560 ὑμῶν
1357 508 1488 560 ἀξίως.

162 581 244 618 πῶς
269 579 344 628 γὰρ
370 576 437 616 οὐκ
463 575 635 629 αἰσχρὸν
660 577 983 626 Λακεδαιμονίοις
1007 579 1080 626 μὲν
1105 577 1291 628 ἐγκαλεῖν
1315 576 1376 616 ὅτι
1401 576 1491 617 τοὺς

162 644 234 693 τὴν
259 643 401 683 Ἀσίαν
421 645 622 684 οἰκοῦντας
640 641 847 692 “Ελληνας
867 642 1050 695 ἔγραψαν
1070 641 1218 693 ἐξεῖναι
1243 645 1386 694 δρᾶσαι
1411 645 1490 682 πᾶν

162 712 184 749 ὅ
215 727 253 750 τι
287 709 335 750 ἂν
366 709 462 766 θέλῃ
498 710 708 760 βασιλεύς,
744 709 883 751 αὐτοὺς
920 709 953 749 δ’
988 710 1166 749 ἐκδοῦναι
1202 710 1264 749 καὶ
1296 709 1387 751 τοὺς
1419 709 1491 759 τὴν

164 777 356 829 Εὐρώπην
381 778 586 818 οἰκοῦντας
613 775 906 832 Κερσοβλέπτῃ
937 776 999 816 καὶ
1024 776 1174 818 πάντας
1203 777 1312 816 ὅσων
1341 793 1413 828 περ
1441 775 1490 816 ἂν

163 846 291 894 οἴηται
321 844 504 896 κρείττων
531 845 757 895 Χαρίδημος
787 842 973 889 ἔσεσθαι;
1011 843 1054 881 οὐ
1084 844 1159 895 γὰρ
1184 842 1287 883 ἄλλο
1316 859 1354 883 τι
1385 846 1493 883 ποιεῖ

161 911 206 950 τὸ
226 910 423 962 ψήφισμα
446 911 566 956 τουτί,
587 911 653 950 ὅτε
677 910 729 965 τῷ
751 912 823 960 μὲν
844 911 994 949 ἐκείνου
1013 910 1220 964 στρατηγῷ
1243 909 1288 949 οὐ
1312 907 1491 964 διῄρηται

162 979 202 1017 τί
237 976 433 1029 πρακτέον
470 974 493 1026 ἦ
532 976 600 1028 μή,
642 980 743 1017 πᾶσι
780 975 835 1022 δέ,
877 976 926 1016 ἄν
964 992 1022 1017 τις
1058 976 1263 1026 ἀμύνηται,
1301 979 1491 1018 τοσοῦτος

162 1043 378 1094 ἐπήρτηται
404 1044 550 1096 φόβος.

235 1111 307 1150 Καὶ
341 1110 433 1161 μήν,
469 1109 498 1150 ὦ
535 1110 673 1162 ἄνδρες
708 1110 924 1161 Ἀθηναῖοι,
961 1111 1025 1150 καὶ
1061 1111 1225 1162 γεγονός
1258 1127 1294 1150 τι
1331 1112 1492 1162 πρᾶγμα

126 1200 140 1230 3
163 1176 319 1229 φράσαι
343 1181 439 1229 πρὸς
464 1178 563 1228 ὑμᾶς
591 1178 807 1229 βούλομαι,
836 1177 884 1217 δι’
911 1177 955 1217 οὗ
983 1180 1140 1228 μᾶλλον
1166 1177 1221 1217 ἔθ’
1249 1178 1339 1227 ὑμῖν
1374 1175 1489 1228 γενή-

163 1261 276 1284 σεται
323 1246 446 1293 δῆλον
489 1244 541 1286 ὡς
583 1246 743 1297 σφόδρα
785 1247 845 1284 δεῖ
884 1248 1006 1284 λῦσαι
1046 1244 1092 1284 τὸ
1131 1242 1330 1296 ψήφισμα
1370 1244 1490 1283 τουτί.

163 1313 271 1360 ὑμεῖς
297 1309 535 1361 ἐποιήσασθ’
556 1311 600 1351 ἕν
625 1328 707 1351 τισι
732 1314 879 1362 καιροῖς
901 1312 962 1351 καὶ
988 1312 1147 1364 χρόνοις
1173 1309 1492 1362 Ἀριοβαρζάνην

164 1379 332 1428 πολίτην
358 1379 420 1418 καὶ
445 1377 493 1417 δι’
515 1379 664 1418 ἐκεῖνον
683 1379 896 1424 Φιλίσκον,
919 1378 1053 1429 ὥσπερ
1080 1381 1146 1418 νῦν
1172 1379 1235 1417 διὰ
1258 1377 1490 1429 Κερσοβλέ-

163 1461 264 1494 πτην
290 1445 532 1495 Χαρίδημον.
592 1444 646 1485 ὢν
671 1444 704 1484 δ’
724 1446 859 1496 ὅμοιος
886 1446 1033 1486 ἐκεῖνος
1052 1444 1174 1498 τούτῳ
1195 1450 1243 1501 τῇ
1263 1443 1492 1496 προαιρέσει

163 1514 232 1550 τοῦ
255 1512 363 1561 βίου,
392 1514 455 1551 διὰ
481 1514 549 1561 τῆς
576 1510 888 1564 Ἀριοβαρζάνου
913 1510 1113 1561 δυνάμεως
1133 1512 1272 1552 πόλεις
1294 1509 1488 1561 κατελάμ-

163 1582 289 1628 βανεν
321 1577 575 1628 Ἑλληνίδας,
611 1579 666 1620 εἷς
702 1578 747 1620 ἃς
784 1579 921 1618 εἰσιὼν
957 1580 1091 1618 πολλὰ
1129 1579 1191 1618 καὶ
1225 1577 1319 1618 δείν’
1352 1578 1490 1623 ἐποίει,

164 1647 304 1686 παῖδας
330 1644 560 1696 ἐλευθέρους
585 1645 729 1685 ἀδικῶν
755 1646 816 1685 καὶ
845 1648 1034 1697 γυναῖκας
1057 1645 1243 1697 ὑβρίζων,
1272 1645 1334 1684 καὶ
1363 1643 1493 1685 πάντα

164 1715 287 1752 ποιῶν
319 1711 382 1751 ὅσ’
408 1711 456 1751 ἂν
488 1710 693 1763 ἄνθρωπος
721 1710 924 1761 ποιήσειεν
955 1711 1047 1751 ἄνευ
1077 1712 1208 1763 νόμων
1243 1711 1305 1751 καὶ
1339 1714 1417 1751 τῶν
1450 1713 1492 1751 ἐν

164 1779 346 1832 πολιτείᾳ
382 1781 515 1817 καλῶν
550 1777 816 1830 τεθραμμένος
849 1780 905 1820 εἰς
937 1776 1123 1827 ἐξουσίαν
1158 1779 1299 1818 ἐλθών.
1370 1779 1412 1818 ἐν
1445 1777 1490 1827 δὴ

165 1844 375 1899 Λαμψάκῳ
395 1846 498 1885 τινὲς
523 1844 723 1897 ἄνθρωποι
747 1846 951 1897 γίγνονται
977 1846 1059 1885 δύο·
1094 1845 1359 1897 Θερσαγόρας
1383 1844 1492 1895 ὄνομ’

165 1912 293 1951 αὐτῶν
318 1910 482 1965 θατέρῳ,
503 1915 556 1965 τῷ
582 1911 615 1951 δ’
642 1910 896 1962 Ἐξήκεστος·
940 1912 975 1952 οἳ
1001 1911 1264 1964 παραπλήσια
1291 1915 1374 1952 τοῖς
1402 1910 1492 1962 παρ’

165 1978 257 2028 ἡμῖν
280 1981 442 2030 γνόντες
462 1979 550 2029 περὶ
573 1982 651 2018 τῶν
671 1977 870 2030 τυράννων
895 1979 1181 2019 ἀποκτιννύασι
1205 1978 1274 2018 τὸν
1294 1979 1493 2018 Φιλίσκον

209 2099 229 2128 3
264 2087 487 2128 ἀμυνουμένοις
519 2088 651 2119 Cobet:
691 2088 897 2128 ἀμυνομένοις
928 2090 1025 2120 codd.
1164 2089 1184 2118 8
1216 2087 1312 2131 θέλῃ]
1338 2088 1492 2125 βούλεται

165 2133 231 2162 aL:
261 2133 421 2169 βούληται
446 2132 587 2162 Aristid.
615 2133 623 2162 i
649 2133 713 2162 618
733 2142 755 2161 D
869 2132 1076 2164 ἐκδεδωκέναι
1102 2132 1131 2162 Α
1299 2141 1338 2162 10
1363 2132 1492 2164 ἔσεσθαι

166 2176 344 2215 Χαρίδημος
362 2175 392 2205 Α
532 2186 567 2206 11
594 2177 633 2207 τὸ
649 2177 799 2215 ψήφισμα
818 2178 906 2207 ποιεῖ
920 2176 949 2205 Α
1039 2175 1147 2216 τουτί]
1166 2176 1186 2214 ἢ
1202 2179 1299 2208 τοῦτο
1317 2175 1348 2204 Α
1437 2177 1493 2207 ὅτε

166 2219 257 2258 vulg.
282 2220 306 2249 5
331 2229 440 2250 corn:
465 2217 500 2250 οὗ
523 2232 563 2259 γε
590 2219 685 2249 YO:
710 2232 782 2250 ουτε
810 2218 847 2249 Sl
873 2223 909 2249 ut
932 2219 1088 2249 videtur:
1113 2229 1177 2249 om.
1203 2219 1233 2249 A
1333 2218 1409 2259 μὲν]
1434 2218 1494 2258 μὲν

164 2263 227 2303 γὰρ
252 2262 283 2291 Α
416 2261 562 2304 διῄρηται
589 2262 642 2292 A:
678 2263 832 2303 διείρηται
859 2262 882 2292 S
907 2262 1008 2301 vulg„
1037 2263 1078 2293 cf.
1108 2265 1123 2300 §
1152 2272 1191 2301 72
1371 2272 1408 2299 17
1442 2264 1493 2294 καὶ

166 2305 293 2346 χρόνοις
308 2316 373 2336 om.
395 2305 425 2335 A
569 2315 608 2336 21
635 2307 723 2337 δεινὰ
740 2306 818 2347 ἔργα
836 2305 867 2336 Α
1000 2315 1041 2343 23
1066 2307 1103 2337 ἂν
1120 2316 1184 2336 om.
1207 2305 1272 2335 SA
1285 2304 1370 2341 ΥΟ,
1388 2305 1428 2336 cf.
1447 2316 1493 2335 xx

166 2358 218 2386 43,
237 2348 295 2378 xxi
313 2359 364 2387 77,
385 2359 427 2387 79
523 2350 566 2379 26
590 2350 694 2380 αὐτῶν
710 2348 841 2389 θατέρῳ,
861 2352 906 2388 τῷ
923 2349 949 2380 δ’
968 2348 998 2378 Α
1014 2360 1021 2379 ε
1046 2351 1139 2389 αὐτῷ,
1159 2348 1279 2388 θατέρῳ
1296 2347 1323 2380 δ’
1341 2349 1365 2379 S
1382 2347 1471 2387 vulg.
1486 2360 1492 2379 ε

167 2394 270 2423 αὐτῶν
292 2390 469 2434 (θατέρῳ),
496 2391 617 2433 θατέρῳ
641 2391 667 2424 δ’
688 2391 902 2422 Hervverden
1058 2402 1097 2431 27
1130 2393 1187 2424 τὸν
1210 2391 1366 2433 τύραννον
1391 2391 1494 2423 SAF

167 2435 225 2466 τὸν
241 2444 306 2466 om.
326 2436 355 2466 A

1522 137 1628 192 [666
1634 138 1645 191 J

1525 456 1589 489 140

1526 1122 1585 1157 141

1528 1790 1591 1822 142

1525 1974 1643 2029 [667]
