1737 2734
107 879 142 899 ΙΟ

106 1212 138 1243 ¹5

102 1545 141 1566 20

166 151 250 206 xx1]
588 155 747 193 ΚΑΤΑ
798 155 1070 193 MEIAIOT

162 260 230 300 τὸν
247 259 503 300 παλαίσαντά
520 258 720 300 ποτέκεῖι
714 276 781 306 οι
793 262 862 299 τὸν
878 261 1101 304 νεανίσκον,
1111 255 1206 310 [καὶ]
1222 259 1413 311 Σώφιλον
1428 260 1498 300 τὸν

164 325 488 378 παγκρατιαστήν
516 326 697 379 (ἰσχυρός
726 343 785 368 τις
815 325 875 377 ἠν,
906 326 1044 377 μέλας,
1078 326 1120 366 εὖ
1152 325 1225 366 οἶδ’
1258 327 1318 366 ὅτι
1352 328 1495 378 γιγνώ-

164 394 332 433 σκουσίν
355 409 459 434 τινες
483 394 591 443 ὑμῶν
621 392 665 433 ὃν
695 391 832 444 λέγω,)
856 397 994 433 τοῦτον
1021 395 1062 433 ἐν
1090 391 1208 447 Σάμῳ
1235 394 1277 433 ἐν
1303 395 1498 447 συνουσίᾳ

162 460 238 499 τινὶ
265 461 326 499 καὶ
357 462 542 516 διατριβῇ
567 461 689 501 οὕτως
716 460 807 513 ἰδίᾳ,
835 461 895 500 ὅτι
923 456 959 511 [ὁ
985 457 1154 511 τύπτων]
1179 459 1298 500 αὐτὸν
1321 461 1498 512 ὑβρίζειν

163 526 270 581 ᾤετο,
315 525 563 577 ἀμυνάμενον
610 527 733 568 οὕτως
774 526 878 567 ὥστε
929 526 992 566 καὶ
1040 527 1282 567 ἀποκτεῖναι.
1354 528 1497 567 ἴσασιν

165 593 348 633 Εὐαίωνα
380 593 527 633 πολλοὶ
560 597 628 634 τὸν
662 593 947 644 Λεωδάμαντος
980 593 1172 645 ἀδελφόν,
1207 594 1497 634 ἀποκτείναντα

166 660 335 699 Βοιωτὸν
365 661 408 700 ἐν
427 660 570 714 δείπνῳ
598 660 660 699 καὶ
691 661 843 714 συνόδῳ
875 665 985 717 κοινῇ
1015 662 1077 700 διὰ
1107 660 1267 712 πληγὴν
1290 661 1396 711 μίαν.
1451 661 1496 701 οὐ

163 729 238 777 γὰρ
271 727 293 776 ἡ
324 727 458 778 πληγη
492 726 724 778 παρέστησε
756 743 828 776 την
861 726 995 779 ὀργήν,
1027 726 1120 767 ἀλλ’
1151 727 1173 777 ἡ
1204 728 1350 777 ἀτιμία·
1405 727 1494 768 οὐδὲ

162 793 207 832 τὸ
232 793 448 834 τύπτεσθαι
472 797 555 835 τοῖς
581 793 804 844 ἐλευθεροις
830 794 919 833 ἐστὶ
944 794 1086 838 δεινόν,
1116 795 1254 845 καίπερ
1280 792 1326 834 ὂν
1351 795 1492 840 δεινόν,

162 860 269 899 ἀλλὰ
298 859 342 900 τὸ
367 860 432 912 ἐφ’
457 861 583 912 ὕβρει.
653 862 788 901 πολλὰ
814 862 889 912 γὰρ
914 860 962 900 ἂν
992 859 1197 910 ποιήσειεν
1223 861 1244 899 6
1268 861 1436 907 τύπτωι,
1465 860 1495 901 ὦ

161 926 208 966 ἄν
211 929 298 978 δρες
319 927 583 977 Ἀθηναῖοι,
557 933 612 967 ὡν
631 928 652 966 ὁ
670 928 841 967 παθὼν”
822 927 892 967 ενι’
912 926 991 967 οὐδ’
1012 927 1060 966 ἂν
1081 927 1323 979 ἀπαγγεῖλαι
1347 928 1494 968 δύναιθ’

162 993 294 1047 ἑτέρῳ,
316 997 369 1047 τῷ
390 993 580 1047 σχήματι,
602 998 655 1049 τῷ
681 993 898 1045 βλέμματι,
916 1000 964 1050 τῇ
981 1000 1108 1050 φωνῇ,
1127 995 1222 1034 ὅταν
1243 994 1294 1036 ὡς
1305 995 1492 1046 ὑβρίζων,

161 1061 255 1100 ὅταν
282 1060 333 1101 ὡς
358 1060 501 1113 ἐχθρὸς
525 1059 728 1114 ὑπάρχων,
757 1062 854 1101 ὅταν
879 1061 1098 1106 κονδύλοις,
1126 1061 1220 1100 ὅταν
1248 1062 1312 1101 ἐπὶ
1339 1061 1491 1113 κόρρης.

162 1130 281 1166 ταῦτα
306 1130 416 1172 κινεῖ,
439 1127 544 1167 ταῦτ’
572 1126 781 1178 ἐξίστησιν
806 1127 1035 1179 ἀνθρώπους
1055 1128 1195 1173 αὑτῶν,
1218 1126 1352 1177 ἀηθεις
1376 1130 1493 1170 ὄντας
1531 1131 1537 1133 ’

164 1197 232 1233 τοῦ
251 1194 630 1245 προπηλακίζεσθαι.
691 1194 818 1236 οὐδεὶς
843 1194 903 1240 ἄν,
930 1193 959 1234 ὼ
984 1194 1122 1246 ἄνδρες
1147 1194 1364 1244 Αθηναῖοι,
1386 1195 1493 1235 ταῦτ’

162 1260 433 1312 ἀπαγγέλλων
463 1261 622 1300 δύναιτο
651 1260 697 1300 τὸ
727 1261 854 1301 δεινὸν
884 1264 1140 1313 παραστῆσαι
1169 1265 1252 1303 τοῖς
1280 1262 1493 1302 ἀκούουσιν

161 1327 282 1369 οὕτως
308 1327 359 1369 ὡς
383 1327 449 1367 ἐπὶ
473 1329 542 1377 τῆς
567 1328 755 1378 ἀληθείας
782 1328 844 1367 καὶ
868 1331 937 1367 τοῦ
961 1327 1188 1380 πράγματος
1212 1332 1265 1382 τῷ
1291 1327 1493 1382 πάσχοντι

163 1396 225 1434 καὶ
255 1398 336 1435 τοῖς
368 1395 514 1444 ὁρῶσιν
545 1394 713 1446 ἐναργὴς
741 1394 764 1445 ἡ
790 1395 905 1446 ὕβρις
935 1395 1133 1446 φαίνεται.
1207 1395 1420 1447 σκέψασθε
1445 1396 1491 1445 δὴ

161 1460 258 1512 πρὸς
278 1460 374 1502 Διὸς
395 1461 457 1501 καὶ
483 1464 595 1507 θεῶν,
619 1459 648 1500 ὦ
667 1461 806 1512 ἄνδρες
826 1461 1043 1511 Ἀθηναῖοι,
1066 1463 1129 1502 καὶ
1153 1462 1381 1514 λογίσασθε
1402 1462 1491 1515 παρ’

161 1529 251 1577 ὑμῖν
280 1527 423 1573 αὐτοῖς,
456 1528 539 1582 ὅσῳ
573 1528 727 1568 πλείον’
754 1527 877 1580 ὀργὴν
909 1529 995 1578 ἐμοὶ
1029 1530 1206 1580 προσῆκε
1237 1531 1492 1581 παραστῆναι

160 1593 361 1647 πάσχοντι
387 1594 533 1634 τοιαῦθ’
559 1594 633 1634 ὑπὸ
656 1596 821 1635 Μειδίου
844 1591 868 1644 ἢ
893 1595 974 1635 τότ’
999 1596 1135 1649 ἐκείνῳ
1160 1599 1213 1650 τῷ
1240 1595 1412 1636 Εὐαίωνι
1436 1600 1489 1650 τῷ

159 1661 228 1700 τὸν
261 1661 433 1701 Βοιωτὸν
469 1663 758 1702 ἀποκτείναντι.
830 1662 850 1700 6
886 1661 958 1712 μέν
995 1661 1032 1714 γ’
1064 1662 1140 1702 ὑπὸ
1176 1664 1385 1714 γνωρίμου,
1428 1664 1490 1703 καὶ

160 1727 298 1768 τούτου
333 1728 560 1778 μεθύοντος,
595 1729 774 1769 ἐναντίον
810 1727 856 1779 ἓξ
890 1725 912 1778 ἦ
950 1728 1034 1769 ἕπτ’
1071 1729 1288 1780 ἀνθρώπων
1319 1729 1486 1781 ἐπλήγη,

161 1795 224 1834 καὶ
249 1795 396 1835 τούτων
421 1795 641 1847 γνωρίμων,
667 1795 703 1835 οἳ
727 1794 798 1835 τὸν
821 1798 894 1846 μὲν
922 1799 1070 1835 κακιεῖν
1094 1796 1151 1837 οἷς
1176 1794 1333 1848 ἔπραξε,
1361 1795 1431 1836 τὸν
1456 1796 1488 1835 δ’

103 1880 136 1900 2-
161 1861 446 1902 ἐπαινέσεσθαι
465 1863 563 1912 μετὰ
583 1861 688 1901 ταῦτ’
707 1862 988 1915 ἀνασχόμενον
1009 1862 1072 1902 καὶ
1089 1862 1331 1915 κατασχόνθ’
1351 1863 1489 1903 ἑαυτὸν

160 1928 344 1977 ἔμελλον,
378 1928 440 1968 καὶ
468 1927 574 1968 ταῦτ’
610 1929 664 1970 εἰς
694 1929 820 1968 οἰκίαν
854 1930 984 1969 ἐλθὼν
1017 1929 1082 1969 ἐπὶ
1115 1932 1289 1976 δεῖπνον,
1321 1930 1360 1969 οἶ
1389 1932 1488 1980 μηδὲ

159 1995 337 2044 βαδίζειν
367 1994 460 2045 ἐξῆν
492 1995 608 2048 αὐτῷ·
660 1995 737 2046 ἐγὼ
763 1995 796 2035 δ’
825 1995 889 2035 ὑπ’
920 1997 1078 2048 ἐχθροῦ,
1108 1994 1320 2047 νήφοντος,
1351 1996 1485 2042 ἕωθεν,

159 2062 273 2112 ὕβρει
305 2062 367 2101 καὶ
395 2063 463 2102 οὐκ
503 2063 594 2116 οἴνῳ
625 2066 739 2101 τοῦτο
769 2066 988 2107 ποιοῦντος,
1018 2063 1195 2102 ἐναντίον
1233 2066 1395 2103 πολλῶν
1426 2064 1488 2102 καὶ

1064 2128 1097 2168 Τ)

158 2126 280 2176 ξένων
324 2128 385 2168 καὶ
411 2132 585 2169 πολιτῶν
620 2129 850 2179 ὑβριζόμηι,
891 2130 953 2169 καὶ
991 2133 1062 2169 ταῦ
1140 2146 1182 2169 εν
1226 2131 1314 2183 ἱερῷ
1352 2126 1414 2169 καὶ
1451 2130 1490 2169 οἶ

206 2245 216 2265 1
246 2236 428 2277 νεανίσκον]
448 2236 732 2275 ΓοΓῑ.Νεμ.εόνικον
744 2236 836 2267 Weil
909 2238 960 2269 καὶ
979 2236 1043 2267 del.
1059 2237 1187 2267 Reiske
1278 2248 1296 2276 4
1322 2240 1338 2269 ὁ
1355 2238 1486 2269 τύπτων

158 2280 237 2309 secl.
261 2279 416 2311 Bekker:
444 2283 460 2312 ὁ
477 2280 555 2310 secl.
578 2280 742 2310 Schaefer
846 2290 865 2318 5
890 2283 957 2312 δεῖν
974 2286 1052 2311 ante
1071 2280 1152 2320 ᾤετο
1168 2281 1244 2311 add.
1267 2280 1485 2311 Herwerden

158 2328 342 2361 praeeunte
371 2323 568 2359 Schaesero,
599 2323 640 2353 cf.
672 2327 686 2360 ξ
714 2324 767 2361 81,
802 2332 874 2362 143,
901 2335 948 2354 xx
976 2335 1019 2364 90
1177 2334 1216 2363 19
1251 2323 1485 2365 λογίζεσΘεΑ

157 2375 198 2403 24
224 2365 268 2398 οἷς
287 2366 311 2397 S
328 2366 418 2405 vulg.
434 2379 439 2396 z
467 2368 516 2406 ἐφ’
534 2366 578 2398 οἷς
595 2366 626 2395 Α
642 2378 648 2397 :
673 2366 715 2398 οῖ’
733 2367 842 2397 Cobet
991 2368 1034 2397 26
1057 2366 1137 2405 μηδὲ
1155 2367 1244 2406 vulg.
1266 2367 1289 2398 S
1307 2378 1393 2398 corr.
1411 2369 1484 2407 εμὴ

157 2408 194 2439 S¹
329 2420 372 2449 29
395 2409 570 2451 ὑβριζόμην
585 2410 665 2440 secl.
689 2410 903 2441 Herwerden
995 2409 1030 2442 οὗ
1049 2411 1072 2441 S
1084 2410 1114 2439 A
1128 2410 1152 2440 F

1530 155 1639 209 1537]

1527 677 1570 712 72

1520 2009 1563 2042 74
