1737 2734
105 914 141 936 10

101 1313 136 1345 15

98 1646 136 1667 20

167 145 237 199 xx]
558 151 716 189 ΠΡΟΣ
766 151 1104 188 AEHTINHN

164 253 390 307 προσέχετ’,
420 253 558 305 ἄνδρες
584 255 783 300 δικασταί,
810 255 963 296 τούτοις
987 253 1403 306 ἀναγιγνωσκομένοις
1428 253 1497 294 τὸν

164 323 268 360 νοῦν.
341 319 449 372 λέγε.

752 419 908 447 ΝΟΜΟΣ

229 497 435 550 Ἐπίσχες.
508 501 621 537 τοῦτο
646 497 719 548 μέν
746 499 857 538 ἐστιν
886 500 929 538 ἐν
959 502 1040 539 τοῖς
1070 498 1159 538 οῧσι
1190 498 1323 549 νόμοις
1355 499 1497 549 κυρίοις

161 563 340 618 ὑπάρχον
361 564 496 609 καλόν,
520 563 548 604 ὦ
568 564 705 616 ἄνδρες
726 564 942 614 Ἀθηναῖοι,
967 566 1028 604 καὶ
1049 564 1193 616 σαφές,
1219 567 1228 581 ‘
1245 566 1314 606 τὰς
1334 567 1497 617 δωρειὰς

161 632 260 673 ὅσας
290 631 310 670 ὁ
339 633 458 681 δῆμος
488 631 608 671 ἔδωκε
639 632 771 683 κυρίας
801 631 933 671 εἶναι·’
970 633 1134 677 δίκαιον,
1167 629 1196 671 ὦ
1225 633 1274 683 γῆ
1306 633 1368 672 καὶ
1400 633 1494 672 θεοί.

161 700 262 750 χρῆν
287 699 419 738 τοίνυν
439 699 640 748 Λεπτίνην
658 698 711 748 μὴ
732 698 924 750 πρότερον
944 697 1094 738 τιθέναι
1119 697 1187 738 τὸν
1213 701 1349 739 ἑαυτοῦ
1373 699 1495 749 νόμον

161 764 253 816 πρὶν
290 767 431 804 τοῦτον
469 765 590 805 ἔλυσε
628 764 898 816 γραψάμενος.
971 768 1039 804 νῦν
1077 766 1118 804 δὲ
1155 766 1371 816 μαρτυρίαν
1411 765 1495 805 καθ’

162 833 300 871 ἑαυτοῦ
331 831 579 871 καταλείπων
609 833 668 871 ὅτι
699 835 919 882 παρανομεῖ
947 831 1102 871 τουτονὶ
1132 831 1200 871 τὸν
1230 832 1362 882 νόμον,
1389 833 1495 883 ὅμως

162 897 399 948 ἐνομοθέτει,
429 898 490 938 καὶ
517 897 623 937 ταῦθ’
645 897 779 950 ἑτέρου
805 899 1034 940 κελεύοντος
1061 898 1181 948 νόμου
1207 900 1269 938 καὶ
1297 898 1379 938 κατ’
1400 898 1495 939 αὐτὸ

159 964 263 1004 τοῦτ’
289 964 432 1017 ἔνοχον
457 964 557 1004 εἶναι
582 971 629 1021 τῇ
660 971 808 1022 γραφῇ,
837 967 906 1005 ἐὰν
937 966 1113 1006 ἐναντίος
1141 964 1165 1021 ᾗ
1192 968 1274 1007 τοῖς
1303 966 1495 1018 πρότερον

161 1031 353 1081 κειμένοις
378 1032 526 1081 νόμοις.
595 1034 702 1082 λαβὲ
727 1031 760 1071 δ’
787 1031 904 1072 αὐτὸν
928 1031 996 1072 τὸν
1021 1032 1156 1082 νόμον.

747 1157 904 1186 ΝΟΜΟΣ

225 1232 380 1272 Οὔκουν
415 1232 606 1278 ἐναντίον,
639 1230 668 1271 ὦ
703 1231 840 1283 ἄνδρες
866 1231 1081 1282 Ἀθηναῖοι,
1114 1236 1166 1286 τῷ
1199 1234 1208 1249 ‘
1227 1233 1359 1284 κυρίας
1393 1231 1493 1273 εἶναι

158 1300 227 1339 τὰς
252 1298 429 1350 δωρειάς,
457 1300 558 1341 ὅσας
584 1299 604 1338 ὁ
629 1301 750 1349 δῆμος
780 1297 928 1344 ἔδωκε,’
954 1297 998 1338 τὸ
1027 1298 1187 1350 ίμηδέν’
1214 1299 1314 1339 εἶναι
1343 1300 1466 1349 ἀτελῆ
1484 1299 1492 1314 ’

157 1366 305 1405 τούτων
339 1366 397 1408 οἷς
427 1366 447 1404 ὁ
478 1368 600 1416 δῆμος
629 1366 793 1412 ἕδωκεν;
832 1368 974 1417 σαφῶς
1008 1364 1044 1417 γ’
1074 1366 1232 1405 οὑτωσί.
1304 1365 1396 1406 ἀλλ’
1422 1366 1492 1406 οὐκ

159 1433 201 1472 ἐν
234 1430 263 1486 ᾦ
293 1435 361 1472 νῦν
394 1432 450 1472 ὅδ’
482 1431 740 1485 ἀντεισφέρει
772 1433 892 1486 νόμῳ,
920 1431 1012 1472 ἀλλ’
1039 1432 1063 1472 ἅ
1096 1431 1129 1471 τ’
1156 1432 1337 1478 ἐδώκατε,
1368 1433 1490 1485 κύρια,

158 1499 221 1538 καὶ
254 1500 458 1552 πρόφασις
491 1500 621 1539 δικαία
651 1500 748 1539 κατὰ
777 1502 856 1539 τῶν
882 1496 905 1548 ἢ
931 1499 1319 1551 παρακρουσαμένων
1343 1496 1366 1549 ἦ
1392 1502 1492 1551 μετὰ

155 1565 261 1605 ταῦτ’
287 1566 526 1606 ἀδικούντων
556 1563 579 1616 ἢ
608 1567 712 1607 ὅλως
742 1565 925 1616 ἀναξίων,
957 1565 1006 1605 δι’
1035 1564 1083 1616 ἣν
1113 1564 1158 1606 ὃν
1191 1565 1240 1606 ἂν
1274 1567 1364 1617 ὑμῖν
1397 1569 1491 1624 δοκῇ

157 1632 350 1673 κωλύσετ’
376 1634 484 1686 ἔχειν
510 1632 580 1683 τὴν
607 1632 785 1685 δωρειάν.
856 1632 952 1684 λέγε
977 1631 1045 1672 τὸν
1071 1633 1207 1683 νόμον.

743 1758 901 1787 Nomos

452 1831 471 1845 f?

221 1832 410 1878 Ἀκούετ’,
449 1851 478 1872 ω
518 1832 655 1884 ἄνδρες
693 1832 911 1883 Ἀθηναῖοι,
952 1833 1014 1872 καὶ
1053 1832 1386 1884 καταμανθάνετε,
1427 1835 1487 1874 ὅτι

154 1899 305 1939 ἐνταῦθ’
331 1899 390 1940 ἔνι
424 1900 486 1939 καὶ
518 1900 608 1941 τοὺς
643 1898 774 1950 ἀξίους
807 1899 916 1953 ἔχειν
945 1901 993 1939 τὰ
1023 1899 1188 1940 δοθέντα
1217 1901 1280 1940 καὶ
1310 1900 1400 1942 τοὺς
1432 1901 1484 1951 μὴ

153 1966 350 2008 τοιούτους
385 1965 600 2018 κριθέντας,
633 1968 703 2006 ἐὰν
734 1967 877 2008 ἀδίκως
908 1983 946 2006 τι
977 1966 1178 2017 λάβωσιν,
1207 1967 1482 2019 ἀφαιρεθῆναι,

114 2051 128 2081 g
153 2033 216 2072 καὶ
240 2032 285 2072 τὸ
309 2032 453 2074 λοιπὸν
479 2032 545 2085 ἐφ’
565 2034 656 2083 ὑμῖν
682 2032 782 2073 εἶναι
807 2032 935 2078 πάνθ’,
959 2033 1095 2085 ὥσπερ
1121 2033 1209 2073 ἐστὶ
1235 2035 1398 2080 δίκαιον,
1421 2036 1484 2075 καὶ

151 2101 284 2139 δοῦναι
309 2100 371 2139 καὶ
402 2098 467 2151 μή.
541 2099 591 2141 ὡς
621 2102 693 2150 μὲν
721 2100 854 2140 τοίνυν
879 2099 970 2152 οὐχὶ
1001 2103 1130 2142 καλῶς
1158 2100 1272 2141 οὗτος
1302 2100 1386 2153 ἔχει
1420 2101 1483 2141 καὶ

150 2167 307 2208 δικαίως
331 2167 352 2205 ὁ
377 2167 508 2216 νόμος,
536 2165 615 2206 οὔτ’
642 2167 745 2218 ἐρεῖν
770 2167 902 2216 οἴομαι
927 2168 1127 2216 Λεπτίνην
1154 2166 1246 2212 οὔτ’,
1271 2168 1341 2206 ἐὰν
1365 2167 1479 2223 λέγῃ,

149 2231 274 2283 δεῖξαι
297 2231 554 2282 δυνήσεσθαι·
589 2233 612 2273 ἃ
632 2235 673 2273 δὲ
699 2232 796 2284 πρὸς
816 2236 897 2274 τοῖς
916 2232 1175 2283 θεσμοθέταις
1200 2234 1352 2285 ἔλεγεν,
1375 2234 1480 2274 ταῦτ’

196 2352 208 2372 1
243 2342 265 2374 ὦ
289 2347 369 2373 ante
395 2344 504 2384 ἄνδρες
527 2343 603 2374 add.
631 2343 657 2373 L
680 2341 797 2382 vulg.:
828 2352 893 2372 om.
921 2342 1031 2373 SAO
1187 2353 1208 2381 9
1238 2344 1427 2375 καταλιπὼν
1452 2343 1478 2373 L

152 2387 255 2423 14-16
279 2389 391 2418 οὔκουν
408 2411 415 2417 .
437 2411 443 2417 .
461 2410 468 2417 .
489 2387 626 2423 ἔδωκεν,·
644 2386 800 2418 Bekker:
834 2388 948 2417 οὐκοῦν
964 2409 971 2416 .
993 2410 999 2416 .
1019 2410 1025 2416 .
1047 2386 1174 2418 ἔδωκεν.
1192 2386 1296 2426 vulg.,
1313 2387 1353 2417 cf.
1370 2389 1407 2424 §§
1424 2387 1476 2425 26,

148 2430 200 2468 62,
222 2439 258 2468 71
396 2441 436 2467 24
462 2431 516 2462 ἐὰν
534 2454 540 2461 .
562 2454 569 2460 .
591 2454 598 2461 .
617 2429 763 2466 λάβωσιν
778 2429 839 2460 del.
864 2429 1080 2460 Herwerden

1527 149 1647 205 [486]

1524 1244 1567 1279 97

1520 1749 1633 1804 [487]

1518 1840 1562 1882 98
