1737 2734
437 231 892 280 ORATIONVM
946 227 1156 277 ORDO

671 380 865 419 TOMVS
898 379 917 418 Ῑ

189 471 215 498 1.
244 457 489 497 Ὀλυνθιακὸς
509 476 544 494 α.
620 468 661 494 11.
692 456 938 494 Ὀλυνθιακὸς
956 456 998 504 [3.
1074 465 1131 491 III.
1166 452 1412 492 Ὀλυνθιακὸς
1428 467 1467 503 γ.

132 526 186 552 IV.
217 513 328 550 Κατὰ
345 514 537 549 Φιλίππου
558 530 595 548 α.
706 523 743 548 V.
775 511 870 559 Περὶ
889 512 956 558 τῆς
976 510 1148 558 Εἰρήνης.
1272 517 1326 545 VI.
1359 506 1470 545 Κατὰ

132 568 323 605 Φιλίππου
341 567 383 616 β.
511 577 580 602 VII.
616 565 710 613 Περὶ
727 565 976 613 Ἀλοννήσου.
1107 572 1195 599 VIII.
1228 561 1323 609 Περὶ
1341 563 1415 598 τῶν
1431 562 1470 598 ἐν

132 621 371 673 Χερρονήσῳ.
468 631 525 657 ΙΧ.
558 620 668 656 Κατὰ
686 620 877 656 Φιλίππου
896 636 934 659 ν.
1030 627 1070 654 Χ.
1092 618 1206 654 Κατὰ
1225 615 1419 653 Φιλίππου
1437 614 1469 652 ὃ.

133 688 189 715 XI.
246 676 348 724 Πρὸς
388 674 458 723 τὴν
495 673 740 722 Ἐπιστολήν.
850 684 924 709 XII.
967 668 1198 723 [Φιλίππου]
1240 666 1467 717 Ἐπιστολή.

133 742 224 768 ΧΙΙΙ.
281 728 377 779 Περὶ
417 729 639 773 Συντάξεως.
849 737 934 764 XIV.
992 726 1087 774 Περὶ
1123 728 1196 763 τῶν
1238 725 1470 773 Συμμοριῶν.

133 796 201 822 XV.
230 784 344 833 εΥπὲρ
362 785 428 831 τῆς
450 783 601 821 Ῥοδίων
618 780 862 829 Ἐλευθερίας.
1040 788 1125 817 XVI.
1155 780 1269 828 “Υπὲρ
1292 781 1471 829 Μεγαλο-

132 842 307 876 πολιτῶν.
472 847 575 874 XVII.
633 836 724 884 Περὶ
756 838 828 872 τῶν
860 835 952 883 πρὸς
979 832 1229 882 Ἀλέξανδρον
1261 833 1468 881 Συνθηκῶν.

134 905 252 930 XVIII.
287 892 378 942 Περὶ
398 894 463 929 τοῦ
484 891 688 940 «τεφάνου.
823 900 910 926 XIX.
944 889 1038 937 Περὶ
1056 891 1122 936 τῆς
1142 887 1470 937 Παραπρεσβείας.

661 986 854 1025 TOMVS
883 984 928 1024 II

189 1067 295 1103 Pars
323 1065 446 1102 ,Ρνίθν
474 1075 543 1102 XX.
601 1063 702 1112 Πρὸς
722 1062 918 1111 Λεπτίνην.
1033 1072 1119 1098 XXI.
1168 1061 1282 1098 Κατὰ
1301 1059 1469 1096 ’Μειδιοα

136 1130 242 1158 XXII.
281 1121 394 1157 Κατὰ
420 1118 693 1168 Ἀνδροτίωνος.
847 1125 968 1154 XXIII.
1010 1117 1121 1153 Κατὰ
1148 1114 1470 1164 Ἀριστοκράτους.

136 1185 251 1211 XXIV.
289 1175 401 1211 Κατὰ
415 1174 677 1222 Τιμοκράτους.
828 1182 925 1207 XXV.
961 1171 1072 1207 Κατὰ
1092 1170 1415 1221 Ἀριστογείτονος
1435 1185 1470 1206 α.

137 1237 251 1265 XXVI.
290 1229 403 1266 Κατὰ
421 1227 741 1278 Ἀριστογείτονος
760 1226 800 1275 β.

186 1282 294 1319 Pars
320 1283 460 1319 Altera
489 1292 622 1319 xxvn.
652 1281 764 1318 Κατὰ
792 1278 968 1326 Ἀφόβου
996 1296 1029 1315 α.
1183 1288 1332 1315 xxvm.
1361 1277 1474 1314 Κατὰ

135 1334 313 1384 Ἀφόβου
340 1337 383 1385 β.
548 1346 667 1373 XXIX.
726 1334 827 1382 Πρὸς
852 1331 1044 1381 ”Αφοβον.
1213 1342 1315 1369 XXX.
1371 1331 1474 1380 Πρὸς

136 1389 322 1439 Ὀνήτορα
341 1408 374 1428 α.
527 1401 646 1428 XXXI.
678 1389 782 1437 Πρὸς
799 1385 985 1436 Ὀνήτορα
999 1388 1040 1435 β,
1202 1397 1338 1424 XXXII.
1370 1385 1475 1434 Πρὸς

138 1444 352 1494 Ζηνόθεμιν.
490 1454 645 1481 XXXIII.
675 1444 779 1492 Πρὸς
796 1441 1056 1491 Ἀπατούριον.
1185 1451 1330 1478 XXXIV.
1372 1440 1475 1489 Πρὸς

138 1498 345 1548 Φορμίωνα.
450 1509 580 1535 XXXV.
621 1498 723 1546 Πρὸς
746 1497 944 1545 Λάκριτον.
1056 1506 1202 1532 XXXVI.
1242 1495 1358 1544 ξΥπὲρ
1375 1498 1474 1544 Φορ-

137 1553 281 1602 μίωνος.
394 1563 558 1589 XXXVII.
602 1553 705 1600 Πρὸς
733 1551 995 1588 Πανταίνετον.
1119 1559 1299 1586 XXXVIII.
1374 1549 1476 1597 Πρὸς

139 1608 401 1658 Ναυσίμαχον.
543 1616 694 1644 XXXIX.
736 1606 838 1654 Πρὸς
867 1605 1029 1642 Βοιωτὸν
1056 1604 1140 1652 περὶ
1167 1606 1233 1640 τοῦ
1255 1602 1473 1652 Ὀνόματος.

138 1673 205 1700 XL.
247 1662 348 1711 Πρὸς
368 1661 532 1698 Βοιωτὸν
551 1661 635 1709 περὶ
656 1661 817 1704 Προικὸς
837 1657 1033 1710 Μητρῴας.

654 1758 847 1796 TOMVS
879 1757 945 1794 ΙΙΙ

195 1845 276 1873 XLI.
320 1836 421 1884 Πρὸς
441 1835 639 1875 Σπουδίαν.
752 1843 851 1871 XLII.
893 1832 994 1881 Πρὸς
1012 1836 1232 1870 Φαίνιππον.
1357 1839 1474 1869 XLIII.

140 1891 242 1939 Πρὸς
261 1891 522 1938 Μακάρτατον.
637 1898 749 1926 XLIV.
791 1887 893 1935 Πρὸς
912 1888 1106 1938 Λεωχάρη.
1230 1898 1323 1924 XLV.
1364 1887 1476 1924 Κατὰ

142 1945 337 1993 Στεφάνου
356 1961 391 1981 α.
521 1953 633 1980 XLVI.
672 1944 784 1979 Κατυ.
804 1942 1000 1989 Στεφάνου
1013 1942 1056 1990 β.
1198 1952 1325 1979 XLVII.
1366 1940 1480 1978 Κατὰ

140 1999 306 2050 Εὐέργου
338 1998 400 2035 καὶ
432 1998 713 2046 Μνησιβούλου
747 1995 1084 2045 Ψευδομαρτυριῶν.
1329 2004 1473 2032 XLVIII.

141 2054 252 2091 Κατὰ
269 2051 587 2102 Ὀλυμπιοδώρου.
714 2062 830 2088 XLIX.
868 2051 971 2099 Πρὸς
992 2049 1185 2098 Τιμόθεον.
1302 2060 1337 2086 L.
1377 2048 1481 2098 Πρὸς

142 2107 360 2145 Πολυκλέα.
456 2115 509 2144 LI.
550 2105 644 2154 Περὶ
663 2107 730 2142 τοῦ
750 2105 946 2152 Στεφάνου
963 2106 1029 2153 τῆς
1049 2104 1305 2154 Τριηραρχίας.
1405 2112 1479 2140 LII.

142 2161 244 2210 Πρὸς
270 2162 515 2199 Κάλλιππον.
628 2169 714 2196 LIII.
752 2159 855 2207 Πρὸς
873 2157 1144 2208 Νικόστρατον.
1259 2167 1348 2196 ῙιΙν.7
1368 2156 1482 2195 Κατὰ

141 2216 325 2259 Κόνωνος.
464 2226 525 2253 LV.
571 2214 673 2263 Πρὸς
701 2212 938 2250 Καλλικλέα.
1089 2222 1168 2249 LVI.
1205 2212 1318 2249 Κατὰ
1346 2214 1479 2248 Διονυ-

143 2270 321 2319 σοδώρου.
501 2279 596 2306 LVII.
658 2267 760 2316 Πρὸς
788 2267 1038 2315 Εὐβουλίδην.
1202 2274 1315 2304 LVIII.
1370 2265 1482 2303 Κατὰ

144 2323 352 2373 Θεοκρίνου.
534 2333 617 2360 LIX.
655 2322 766 2359 Κατὰ
786 2321 959 2370 Νεαίρας.
1141 2330 1206 2356 LX.
1246 2319 1479 2368 Ἐπιτάφιος.

145 2387 227 2416 LXI.
269 2376 474 2424 Ἐρωτικός.
644 2375 839 2424 Προοίμια.
1007 2373 1244 2412 Ἐπιστολαί.

802 2441 830 2466 V
