1737 2734
67 853 104 874 10

64 1251 102 1283 Ι5

62 1585 102 1607 20

130 126 235 182 xxm]
479 128 607 169 KAT‘
650 132 1109 170 ΑΝΔΡΟΤΙΩΝΟΣ

127 236 195 276 τὸν
219 237 324 280 ὄντα,
352 238 429 275 τῶν
459 236 708 281 ἀδικούντων,
734 237 833 286 ὑμᾶς
866 235 899 276 δ’
924 236 1081 278 οὐδενὸς
1107 235 1238 287 ἀξίους
1261 235 1456 288 ἡγήσατο·

128 303 187 343 διὸ
211 305 348 342 τοῦτον
374 301 575 355 ἐχρήσατο
600 302 668 342 τὸν
694 303 842 354 τρόπον
866 303 968 353 ὑμῖν.
1041 305 1075 343 εἰ
1100 304 1176 355 γὰρ
1200 303 1457 355 ἀνδραπόδων

126 370 254 414 πόλις,
290 370 395 408 ἀλλὰ
425 369 477 419 μὴ
515 372 593 409 τῶν
625 369 763 422 ἄρχειν
797 369 940 422 ἑτέρων
974 369 1191 421 ἀξιούντων
1223 370 1454 422 ὡμολογεῖτ’

126 436 238 481 εῖναι,
259 435 326 474 οὐκ
352 435 412 480 ἄν,
435 434 464 475 ὦ
490 435 627 488 ἄνδρες
647 435 864 486 Ἀθηναῖοι,
887 438 955 478 τὰς
980 437 1116 488 ὕβρεις
1136 436 1363 490 ἠνέσχεσθε
1387 438 1456 479 τὰς

125 503 277 548 τούτου,
304 502 348 543 ἃς
375 504 472 542 κατὰ
501 502 573 552 τὴν
598 503 746 555 ἀγορὰν
775 503 936 554 ὕβριζεν
967 504 1063 554 ὁμοῦ
1091 504 1307 554 μετοίκους,
1334 503 1453 554 Ἀθη-

126 570 272 611 ναίους·
323 572 412 614 δῶν,
451 568 629 621 ἀπάγων,
668 573 778 620 βοῶν
816 571 859 609 ἐν
898 573 983 611 ταῖς
1019 571 1250 620 ἐκκλησίαις
1289 571 1352 611 ἐπὶ
1388 573 1455 611 τοῦ

125 635 318 686 βήματος·
357 636 521 678 δούλους
548 636 609 676 καὶ
635 638 678 676 ἐκ
702 636 854 676 δούλων
883 639 1014 676 καλῶν
1039 638 1156 677 αὑτοῦ
1180 639 1366 688 βελτίους
1392 638 1455 678 καὶ

126 704 169 742 ἐκ
191 703 428 753 βελτιόνων·
466 704 622 753 ἐρωτῶν
639 704 672 743 εἰ
696 702 825 753 μάτην
851 702 895 743 τὸ
922 702 1190 755 δεσμωτήριον
1215 703 1452 758 ᾠκοδομήθη.

125 770 349 821 καταφαίην
378 768 427 809 ἂν
457 769 596 821 ἔγωγε,
630 771 667 809 εἴ
699 768 735 821 ’γ’
773 770 793 808 ὁ
831 769 957 822 πατὴρ
992 771 1012 809 ὁ
1046 770 1117 811 σὸς
1148 769 1257 824 ᾤχετ’
1290 770 1454 811 αὐτόθεν

124 836 259 878 αὐταῖς
284 835 422 878 πέδαις
451 834 773 888 ἐξορχησάμενος
801 838 1028 876 Διονυσίων
1054 843 1100 893 τῇ
1125 842 1275 894 πομπῇ.
1347 837 1454 877 ἄλλα

148 902 157 915 ,
186 903 203 916 ,φ
235 902 246 915 ⁴»
275 903 292 917 η

123 905 144 942 δ
181 920 233 942 οσ
269 920 291 943 υ

123 970 248 1009 ἐστιν.
319 970 372 1009 ὧν
409 970 560 1021 ἁθρόων
598 968 709 1019 ἄξιον
745 970 949 1020 λαβόντας
979 971 1091 1020 δίκην
1123 969 1292 1022 τήμερον
1325 969 1449 1022 παρά-

293 906 432 954 βρικεν
461 902 540 942 οὐδ’
570 901 618 943 ἂν
649 902 736 955 ἔχοι
765 919 823 944 τις
855 904 991 943 εἰπεῖν·
1032 907 1207 944 τοσαῦτα
1231 903 1275 944 τὸ
1301 905 1453 954 πλῆθός

123 1039 264 1088 δειγμα
289 1038 453 1086 ποιῆσαι
477 1040 559 1078 τοῖς
584 1035 736 1083 ἄλλοις,
764 1036 813 1076 ἵν’
839 1033 939 1076 ὦσιν
963 1037 1225 1089 μετριώτεροι.

190 1170 321 1210 Ἀλλὰ
346 1169 391 1220 νὴ
420 1171 499 1210 Δία
529 1173 650 1210 ταῦτα
679 1172 752 1221 μὲν
777 1170 953 1212 τοιοῦτός
986 1171 1098 1211 ἐστιν
1125 1172 1167 1211 ἐν
1199 1172 1257 1213 οἷς
1282 1173 1448 1212 πεπολί-

122 1254 266 1283 τευται,
298 1236 405 1277 ἄλλα
434 1236 468 1276 δ’
498 1236 585 1277 ἔσθ’
615 1237 639 1277 ἃ
670 1240 799 1278 καλῶς
831 1235 1029 1291 διῴκηκεν.
1102 1238 1209 1277 ἀλλὰ
1240 1238 1301 1278 καὶ
1331 1238 1448 1279 τᾶλλ’

123 1305 223 1344 οὕτω
259 1303 539 1356 προσελήλυθε
577 1303 706 1344 πάντα
744 1304 840 1356 πρὸς
877 1305 976 1355 ὑμᾶς
1015 1304 1112 1345 ὥσθ’
1148 1304 1277 1355 ἥκιστ’
1314 1306 1356 1346 ἐν
1391 1306 1449 1347 οἷς

122 1370 306 1421 ἀκηκόατ’
336 1369 444 1420 ἄξιός
474 1372 563 1410 ἐστι
586 1373 806 1421 μισεῖσθαι.
866 1372 906 1411 τί
927 1373 1001 1423 γὰρ
1026 1371 1221 1422 βούλεσθ’
1248 1373 1364 1418 εἴπω,·
1401 1375 1449 1412 τὰ

122 1437 283 1488 πομπεῖ’
310 1437 360 1479 ὡς
387 1437 668 1483 ἐπεσκεύασεν,
698 1437 759 1477 καὶ
784 1437 855 1488 τὴν
879 1441 956 1478 τῶν
977 1438 1190 1490 στεφάνων
1208 1440 1449 1490 καθαίρεσιν,

120 1502 143 1554 ἢ
169 1504 240 1554 τὴν
265 1508 343 1545 τῶν
368 1508 525 1556 φιαλῶν
551 1505 713 1554 ποίησιν
733 1503 803 1554 τὴν
830 1503 973 1554 καλήν,·
1012 1504 1105 1544 ἀλλ’
1126 1505 1191 1545 ἐπὶ
1209 1505 1363 1548 τούτοις
1388 1523 1446 1558 γε,

121 1573 155 1612 εἰ
189 1574 309 1622 μηδὲν
345 1570 437 1611 ἄλλ’
474 1572 616 1611 ἀδικῶν
653 1572 791 1624 ἔτυχεν
827 1571 898 1621 τὴν
934 1571 1065 1616 πόλιν,
1103 1573 1199 1623 τρίς,
1233 1571 1306 1625 οὐχ
1343 1572 1452 1623 ἅπαξ

120 1638 303 1679 τεθνάναι
323 1639 470 1679 δίκαιος
491 1636 544 1678 ὢν
565 1641 762 1690 φανεῖται·
801 1639 863 1678 καὶ
881 1639 954 1690 γὰρ
971 1638 1173 1692 ἱεροσυλίᾳ
1193 1638 1256 1679 καὶ
1276 1640 1448 1693 ἀσεβείᾳ

122 1705 183 1745 καὶ
209 1710 337 1761 κλοπῇ
367 1706 430 1745 καὶ
460 1707 561 1744 πᾶσι
589 1709 672 1746 τοῖς
704 1704 940 1746 δεινοτάτοις
972 1704 1056 1744 ἔστ’
1080 1705 1233 1758 ἔνοχος.
1303 1707 1352 1745 τὰ
1376 1708 1448 1757 μὲν

120 1772 188 1812 οὖν
215 1771 335 1812 πόλλ’
360 1773 415 1811 ὧν
434 1770 566 1823 λέγων
591 1772 688 1821 ὑμᾶς
710 1771 940 1824 ἐφενάκιζεν
967 1773 1219 1824 παραλείψω·
1258 1772 1394 1825 φήσας
1414 1773 1446 1813 δ’

119 1839 307 1891 ἀπορρεῖν
326 1839 373 1877 τὰ
398 1838 536 1889 φύλλα
554 1842 633 1878 τῶν
659 1838 871 1891 στεφάνων
893 1838 955 1878 καὶ
982 1838 1156 1890 σαπροὺς
1177 1838 1277 1879 εἶναι
1296 1841 1360 1879 διὰ
1379 1840 1448 1880 τὸν

118 1905 278 1958 χρόνον,
307 1905 443 1956 ὥσπερ
473 1906 543 1944 ἴων
572 1902 594 1954 ἦ
624 1905 750 1956 ῥόδων
778 1907 906 1951 ὄντας,
935 1905 1027 1945 ἀλλ’
1059 1905 1103 1945 οὐ
1131 1906 1312 1958 χρυσίου,
1348 1923 1445 1958 συγ-

118 1973 308 2026 χωνεύειν
345 1971 517 2012 ἔπεισεν.
589 1970 670 2025 κᾷτ’
708 1972 770 2012 ἐπὶ
806 1974 877 2022 μὲν
913 1975 998 2014 ταῖς
1036 1973 1245 2024 εἰσφοραῖς
1278 1972 1345 2012 τὸν
1378 1976 1444 2023 δη-

159 2093 178 2122 3
205 2086 405 2125 ὡμολογεῖτε
422 2083 452 2113 Α
469 2095 474 2113 ;
500 2086 693 2125 ὃμολινγεῖτο
712 2083 735 2114 S
754 2095 761 2114 ε
785 2085 986 2124 ὡμολογεῖτο
1005 2083 1030 2113 L
1045 2083 1087 2113 al.
1225 2094 1243 2121 4
1270 2084 1334 2114 οὐδ’
1353 2084 1390 2115 ἂν
1407 2085 1447 2116 ὣς

119 2127 335 2158 Herwerden
511 2128 533 2157 6
556 2130 619 2159 δῶν
635 2127 764 2157 Cobet:
796 2128 876 2159 δέων
899 2128 994 2158 codd.
1179 2137 1213 2156 11
1241 2126 1323 2166 οὐδ’]
1343 2129 1399 2158 οὐκ
1415 2127 1447 2157 A

121 2181 158 2209 14
181 2171 241 2211 μὲν
256 2182 320 2201 om.
341 2171 375 2202 S¹
389 2171 461 2200 ΥΟ
479 2182 485 2200 :
509 2171 584 2200 add.
605 2170 684 2209 vulg
709 2181 716 2200 :
739 2170 839 2210 μόνον
856 2171 937 2200 xxiv
958 2172 1018 2210 176
1034 2180 1153 2200 omnes
1332 2179 1369 2207 15
1395 2172 1446 2202 καὶ

116 2225 181 2245 om.
202 2214 225 2245 S
246 2215 358 2254 vulg:
392 2215 467 2245 add.
489 2214 519 2243 A
535 2214 560 2243 L
583 2220 615 2244 et
640 2215 722 2244 xxiv
748 2215 808 2253 176
832 2224 951 2245 omnes
1130 2214 1168 2244 16
1193 2213 1243 2254 ἐν]
1270 2213 1320 2254 ἐφ’
1339 2212 1446 2244 Cobet

117 2268 158 2288 20
182 2259 233 2290 καὶ
251 2263 329 2288 ante
346 2258 447 2297 μηδὲν
463 2258 539 2288 add.
557 2257 580 2288 S
598 2258 687 2296 vulg.
708 2269 714 2288 ε
739 2268 803 2288 om.
824 2258 854 2287 A
871 2263 905 2288 et
922 2257 1002 2288 xxiv
1023 2258 1083 2295 176
1099 2267 1218 2288 omnes
1330 2267 1368 2286 21
1395 2271 1446 2289 τε·

116 2301 240 2341 θνάναι]
260 2302 462 2334 ἀπολωλέναι
479 2301 510 2331 Α
623 2302 770 2342 φαίνεται
789 2301 819 2331 Α
953 2311 994 2331 22
1018 2304 1096 2332 πᾶσι
1113 2304 1180 2333 τοῖς
1197 2301 1288 2340 vulg.
1308 2300 1331 2331 S
1348 2314 1398 2341 γρ.
1419 2301 1444 2331 L

116 2351 246 2420 οοΞἾ-ὕῑῐ
265 2346 344 2375 xxiv
360 2355 418 2384 177
435 2355 575 2376 omnes:
599 2345 765 2378 πλείστοις
784 2344 807 2376 S
821 2344 860 2375 L¹
965 2354 1005 2383 25
1030 2346 1049 2383 ἢ
1068 2344 1091 2374 S
1112 2344 1160 2385 (in
1179 2346 1309 2385 rasura)
1330 2344 1419 2384 vulg.
1438 2356 1444 2375 :

116 2402 155 2420 Κα

1490 133 1601 188 [614]

1485 309 1531 345 68
