1737 2734
159 114 256 168 xxv]
417 116 545 155 KAT‘
595 118 1144 155 ΑΡΙΣΤΟΓΕΙΤΟΝΟΣ
1193 119 1224 155 Α
1519 117 1627 171 [775]

155 220 367 272 ὑπεξιέναι,
407 222 468 262 καὶ
506 221 633 262 πάντα
668 221 717 261 δι’
745 222 799 261 ὧν
832 221 854 271 ἡ
885 222 1002 262 πόλις
1030 222 1192 261 οἰκεῖται
1225 221 1286 260 καὶ
1324 218 1487 275 σῴζεται

156 289 379 340 γίγνεσθαι,
405 289 494 330 τοὺς
521 289 662 339 νόμους
684 287 840 339 εὑρήσει
878 284 1043 340 [τούτων
1061 285 1223 340 αἰτίους]
1245 287 1307 327 καὶ
1332 290 1376 327 τό
1395 288 1483 327 τού-

155 372 236 396 τοις
251 354 428 397 ἅπαντας
445 355 665 400 πείθεσθαι,
685 356 769 395 ἐπεὶ
785 355 985 394 λυθέντων
1006 371 1051 406 γε
1066 355 1228 401 τούτων,
1249 355 1311 395 καὶ
1330 353 1484 408 ἑκάστῳ

154 422 337 472 δοθείσης
363 420 544 472 ἐξουσίας
564 423 585 461 ὅ
609 439 646 461 τι
670 422 862 472 βούλεται
888 426 1028 466 ποιεῖν,
1050 421 1092 461 οὐ
1113 421 1235 471 μόνον
1259 421 1283 471 ἡ
1303 423 1485 461 πολιτεία
1517 422 1630 477 [776]

116 506 133 536 5
155 490 319 541 οἴχεται,
352 489 445 529 ἀλλ’
478 488 558 528 οὐδ’
595 490 615 528 ὁ
644 489 736 539 βίος
764 488 874 539 ἡμῶν
902 493 970 529 τοῦ
1001 492 1080 528 τῶν
1113 489 1258 540 θηρίων
1289 487 1401 528 οὐδὲν
1437 487 1485 528 ἂν

155 554 363 607 διενέγκαι.
434 557 474 595 τί
496 556 569 607 γὰρ
595 555 644 595 ἂν
668 559 806 595 τοῦτον
825 555 943 594 αὐτὸν
967 556 1101 595 οἴεσθε
1134 559 1261 595 ποιεῖν
1286 553 1485 595 λυθέντων
1517 570 1556 595 21

154 625 230 662 τῶν
257 622 401 673 νόμων,
429 621 472 664 ὃς
497 624 621 662 ὄντων
652 623 791 673 κυρίων
821 622 995 663 τοιοῦτός
1021 623 1152 667 ἐστιν;
1195 620 1328 670 ἐπειδὴ
1354 622 1486 662 τοίνυν

155 690 191 728 οἱ
216 689 330 738 νόμοι
348 691 445 739 μετὰ
471 689 560 730 τοὺς
581 689 694 730 θεοὺς
713 689 1001 741 ὁμολογοῦνται
1021 687 1157 743 σῴζειν
1176 687 1247 737 τὴν
1273 688 1406 733 πόλιν,
1429 691 1490 729 δεῖ

154 754 304 796 πάντας
328 756 427 806 ὑμᾶς
451 755 521 795 τὸν
546 755 663 795 αὐτὸν
687 756 833 806 τρόπον
858 756 994 806 ὥσπερ
1019 754 1067 794 ἂν
1094 756 1127 795 εἰ
1153 753 1320 804 καθῆσθ’
1345 754 1486 806 ἐράνου

98 836 134 858 10
154 823 368 874 πληρωταί,
395 826 464 862 τὸν
487 824 559 872 μὲν
589 823 823 872 πειθόμενον
853 823 1005 863 τούτοις
1036 821 1088 863 ὡς
1119 821 1292 873 φέροντα
1321 821 1392 871 τὴν
1416 824 1484 871 τῆς

153 890 352 940 σωτηρίας
379 891 510 940 φορὰν
540 887 669 940 πλήρη
701 895 749 946 τῇ
779 891 935 940 πατρίδι
964 892 1082 940 τιμᾶν
1113 888 1174 928 καὶ
1200 889 1389 934 ἐπαινεῖν,
1415 888 1484 928 τὸν

152 954 186 994 δ’
217 955 454 995 ἀπειθοῦντα
490 955 684 1004 κολάζειν.
756 956 893 1007 ἔρανος
926 955 1001 1007 γάρ
1034 957 1146 995 ἐστιν
1183 954 1386 996 πολιτικὸς
1419 955 1482 995 καὶ
1515 968 1557 993 22

153 1021 281 1064 κοινὸς
307 1021 423 1062 πάνθ’
443 1023 534 1067 ὅσα,
560 1022 765 1073 ταξάντων
784 1026 861 1062 τῶν
881 1024 1025 1072 νόμων,
1049 1023 1217 1063 ἕκαστος
1236 1021 1345 1071 ἡμῶν
1365 1025 1480 1062 ποιεῖ.

150 1087 195 1128 ὃν
221 1089 241 1128 ὁ
265 1089 429 1135 λείπων,
451 1087 481 1129 ὦ
501 1088 640 1141 ἄνδρες
658 1088 876 1139 Ἀθηναῖοι,
898 1090 1033 1129 πολλὰ
1061 1090 1122 1128 καὶ
1149 1090 1250 1128 καλὰ
1272 1088 1333 1128 καὶ
1354 1090 1481 1138 σεμνὰ

94 1169 129 1201 15
152 1155 215 1195 καὶ
246 1155 389 1207 μεγάλ’
418 1156 524 1206 ὑμῶν
556 1157 780 1207 ἀφαιρεῖται
812 1156 874 1195 καὶ
907 1157 1128 1208 διαφθείρει
1158 1158 1202 1194 τὸ
1236 1154 1319 1194 καθ’
1349 1156 1479 1195 αὑτόν.

149 1223 204 1261 ὧν
241 1223 282 1262 ἓν
318 1219 341 1272 ἢ
375 1222 432 1262 δύ’
469 1224 545 1274 ἐρῶ
582 1223 899 1274 παραδείγματος
935 1223 1062 1268 ἕνεκα,
1098 1224 1145 1262 τὰ
1182 1221 1478 1273 γνωριμώτατα.
1511 1234 1554 1268 23

149 1288 194 1328 τὸ
220 1288 291 1339 τὴν
320 1289 477 1340 βουλὴν
507 1288 597 1331 τοὺς
627 1289 913 1330 πεντακοσίους
944 1290 1020 1328 ἀπὸ
1050 1291 1119 1338 τῆς
1149 1286 1370 1340 [ἀσθενοῦς]
1397 1304 1476 1328 τοι-

150 1357 291 1406 αυτησὶ
322 1357 521 1408 κιγκλίδος
549 1360 627 1396 τῶν
658 1354 887 1407 ἀπορρήτων
918 1357 1050 1406 κυρίαν
1076 1355 1187 1400 εἶναι,
1217 1355 1279 1394 καὶ
1307 1354 1359 1405 μὴ
1389 1355 1480 1397 τοὺς

150 1423 306 1465 ἰδιώτας
330 1422 562 1463 ἐπεισιέναι·
601 1422 646 1462 τὸ
674 1422 745 1472 τὴν
777 1424 823 1470 ἐξ
845 1422 1000 1473 Ἀρείου
1031 1421 1158 1474 πάγου
1186 1420 1354 1472 βουλήν,
1382 1422 1478 1461 ὅταν

90 1502 129 1524 20
148 1491 191 1529 ἐν
228 1491 276 1545 τῇ
311 1491 510 1544 βασιλείῳ
554 1495 655 1544 στοᾷ
697 1489 933 1539 καθεζομένη
977 1489 1338 1541 περισχοινίσηται,
1381 1490 1478 1528 κατὰ

148 1556 306 1606 πολλὴν
341 1557 515 1609 ἡσυχίαν
551 1556 616 1608 ἐφ’
657 1558 796 1606 ἑαυτῆς
835 1555 948 1602 εἶναι,
988 1557 1051 1596 καὶ
1087 1555 1264 1597 ἅπαντας
1300 1556 1477 1596 ἐκποδὼν

147 1624 386 1676 ἀποχωρεῖν·
420 1624 464 1664 τὸ
483 1625 552 1665 τὰς
572 1624 698 1676 ἀρχὰς
715 1623 885 1668 ἁπάσας,
903 1624 1002 1664 ὅσας
1021 1640 1056 1663 οι
1070 1623 1266 1675 λαχόντες
1284 1638 1476 1674 αρχουσιν

146 1691 267 1740 ὑμῶν,
303 1689 383 1741 ἅμα
419 1694 471 1745 τῷ
504 1690 573 1730 τὸν
602 1689 797 1741 ὑπηρέτην
831 1691 1002 1730 εἰπεῖν’
1017 1688 1230 1740 μετάστητ’
1264 1686 1367 1737 ἔξω’
1397 1692 1475 1728 τῶν

147 1757 276 1807 νόμων
303 1761 458 1808 κρατεῖν
483 1757 547 1808 ἐφ’
574 1758 631 1798 οἷς
658 1755 1001 1807 εἰσεπέμφθησαν,
1031 1757 1092 1796 καὶ
1117 1758 1215 1807 μηδὲ
1235 1755 1325 1797 τοὺς
1351 1755 1472 1795 ἀσελ-

89 1837 126 1868 ²5
146 1823 364 1875 γεστάτους
391 1823 618 1875 βιάζεσθαι·
666 1822 773 1863 ἄλλα
802 1824 931 1875 μυρία.
1002 1822 1133 1863 πάντα
1161 1824 1236 1874 γὰρ
1266 1823 1313 1861 τὰ
1347 1823 1475 1872 σεμνὰ
1506 1836 1550 1868 24

147 1891 210 1930 καὶ
253 1892 355 1930 καλὰ
395 1892 456 1931 καὶ
494 1890 542 1930 δι’
577 1892 632 1930 ὧν
670 1890 692 1940 ἡ
736 1890 852 1932 πόλις
889 1893 1094 1941 κοσμεῖται
1134 1890 1196 1929 καὶ
1233 1886 1413 1943 σῴζεται,
1451 1888 1473 1938 ἡ

194 2009 206 2029 1
235 1999 326 2038 prius
344 2001 394 2032 καὶ
413 2010 474 2029 om.
492 1999 516 2029 F
650 2002 815 2031 διοικεῖται
835 2000 858 2030 S
872 1999 898 2029 Α
913 1999 942 2029 γ
957 1999 986 2029 O
1166 2008 1185 2028 2
1209 1997 1334 2030 τούτων
1355 1999 1475 2030 αἰτίους

146 2043 222 2072 add.
256 2043 279 2073 S
305 2043 373 2073 aL:
403 2053 467 2074 om.
500 2043 566 2073 AF
593 2043 641 2081 (in
665 2055 716 2083 γρ.
745 2043 847 2073 habet
874 2043 913 2072 F*
1079 2043 1100 2072 6
1130 2043 1232 2073 ποιεῖν
1259 2041 1302 2072 F:
1328 2042 1475 2079 ποιήσειν

147 2086 170 2115 S
186 2086 229 2116 al.
343 2096 359 2124 7
377 2088 412 2118 ὃς
430 2087 531 2118 ὄντων
548 2087 661 2123 κυρίων
674 2096 740 2116 om.
754 2086 778 2116 S
795 2096 803 2115 :
827 2088 855 2118 εἶ
871 2086 986 2127 κυρίων
1004 2085 1026 2116 S
1040 2099 1092 2126 γρ.
1228 2095 1249 2123 9
1266 2087 1404 2122 καθῆσθε
1423 2084 1451 2114 Y
1466 2096 1472 2116 :

146 2129 286 2166 κάθησθε
313 2130 365 2159 vel
392 2133 531 2167 καθησθε
558 2128 595 2159 S¹
624 2139 676 2159 me
705 2134 815 2160 teste:
841 2129 996 2167 ἐκάθησθε
1023 2130 1113 2167 vulg.
1145 2127 1169 2158 S
1197 2138 1307 2158 corne
1335 2130 1473 2169 καθῇσθε

146 2172 255 2202 Cobet
407 2183 444 2211 13
468 2172 720 2213 προσταξάντων
738 2173 761 2203 S
777 2186 828 2214 γρ.
936 2175 1001 2204 τῶν
1017 2183 1083 2202 om.
1102 2171 1147 2202 S:
1173 2172 1248 2202 add.
1269 2171 1360 2210 vulg.
1379 2161 1404 2201 S
1419 2184 1469 2212 γρ.

149 2225 185 2254 17
211 2217 362 2248 ἀσθενοῦς
379 2217 458 2246 secl.
477 2216 569 2246 Weil
702 2216 871 2253 τοιαυτησὶ
892 2216 938 2246 S:
961 2216 1100 2253 ταυτησὶ
1120 2215 1208 2253 vulg.
1230 2216 1340 2255 (ταυσὶ
1359 2214 1383 2244 S
1399 2215 1472 2256 γρ.)

145 2268 187 2289 22
212 2261 392 2300 ἀποχωρεῖν
410 2260 432 2290 S
448 2259 506 2289 F¹
534 2261 713 2299 υποχωρεΐν
731 2259 760 2289 Y
774 2259 803 2289 O
820 2259 845 2289 F
861 2269 948 2290 corr.
965 2269 970 2275 ·
964 2259 1175 2299 ,ἀναχωρειν
1192 2258 1224 2288 Α
1344 2267 1384 2295 23
1410 2257 1474 2297 ἅμα

145 2312 210 2332 om.
232 2302 261 2333 Α
277 2302 302 2332 F
389 2306 455 2334 τῶν
473 2303 576 2341 νόμων
592 2303 670 2333 secl.
692 2302 806 2333 weil:
829 2306 895 2334 τῶν
911 2302 1051 2341 νομιμων
1067 2302 1138 2333 Τω
1143 2302 1194 2332 lor
1327 2311 1366 2339 24
1392 2300 1473 2338 μηδὲ

149 2344 384 2377 Herwerden:
409 2347 452 2384 μὴ
470 2347 566 2376 codd.
727 2347 770 2376 26
793 2346 898 2375 verba
914 2347 965 2376 καὶ
983 2345 1022 2377 δι’
1041 2369 1048 2377 .
1066 2369 1073 2376 .
1095 2368 1103 2376 .
1122 2343 1260 2385 σῴζεται
1277 2344 1344 2374 del.
1366 2344 1472 2374 Cobet

148 2394 182 2418 ut
199 2400 241 2419 ex
260 2391 275 2426 ᾗ
296 2399 338 2419 20
356 2389 447 2419 illata
544 2388 631 2420 οὗτοι
646 2389 870 2429 φυλάττουσιν
883 2394 959 2428 post
974 2387 1110 2428 σῴζεται
1124 2389 1198 2419 add.
1212 2387 1236 2418 S
1250 2388 1309 2418 aL:
1327 2397 1390 2417 om.
1405 2388 1434 2417 Α
1449 2387 1472 2417 F
