1737 2734
183 145 288 198 xxm]
534 146 662 186 KAT’
710 147 1164 187 ΑΝΔΡΟΤΙΩΝΟΣ

182 246 234 286 δὶς
266 247 383 284 εἴκοσι
413 246 707 295 τεσσαράκοντα,
739 245 881 285 δεκάκις
914 245 1016 283 ἐννέα
1049 245 1296 293 ἐννενήκοντα,
1329 243 1382 284 δὶς
1415 244 1515 282 ἐννέα

182 301 376 344 δεκαοκτώ,
399 301 458 338 καὶ
478 301 519 337 τὸ
540 300 656 349 ἥμισυ
677 303 748 338 τῶν
769 300 905 337 δώδεκα
928 300 977 345 ἕξ.
1038 300 1134 337 ὥστε
1155 300 1247 348 ὁμοῦ
1268 298 1357 336 εἶναι
1378 298 1515 348 ἡμέρας

180 355 394 404 τριακοσίας
432 355 659 403 πεντήκοντα
696 354 898 422 're‘tro’apa33
932 353 1203 392 ὑπολείπεσθαι
1243 352 1281 390 δὲ
1321 354 1413 390 κατὰ
1449 353 1514 390 τὸν

181 410 336 457 ἡλίακον
355 409 528 458 δρΟμΟΙῘ
510 409 648 457 ημέρας
669 408 805 452 ἕνδεκα,
828 409 870 448 ἃς
890 407 1082 474 ἈΑθηναῖΟι
1108 409 1201 445 Κατὰ
1220 407 1380 457 Τριετίαν
1399 408 1512 445 συνά*

1546 147 1663 200 [589]

142 479 160 510 5
180 480 306 514 γοντες
338 464 485 500 ἐποιοιν
514 464 578 500 τὸν
610 463 822 512 ἐμβόλιμον
857 464 955 512 μῆνα
985 463 1181 512 τριάκοιτα
1214 464 1323 511 τριῶν
1355 462 1511 511 ἡμερῶι.
1543 460 1664 515 [590]

124 750 160 771 10

122 1022 156 1053 15

114 1836 156 1866 30

181 519 256 568 ἔχει
288 535 378 569 γουν
409 519 428 555 ὁ
460 518 620 557 ἐνιαυτὸς
652 519 744 554 κατὰ
775 518 838 555 τὸν
874 518 1098 565 σεληνιακὸν
1132 516 1269 565 δρόμον
1300 532 1514 565 τριακοσιας

180 589 360 621 πεντηκοι
362 589 407 609 τα
435 573 624 621 τέσσαρας
650 573 799 621 ἡμέρας.
863 571 922 608 καὶ
950 573 1014 611 τὰς
1043 572 1111 620 μὲν
1135 569 1165 608 δ
1191 571 1328 620 ἡμέρας
1356 571 1514 608 ἐκάλουν

179 629 213 664 οἱ
244 625 435 675 Ἀθηναῖοι
467 627 715 676 ἀρχαιρεσίας·
759 629 797 663 ἐν
833 624 888 665 αἷς
923 626 1082 676 ἄναρχος
1116 626 1139 673 ἡ
1169 624 1319 674 Ἀττικὴ
1350 625 1406 674 ἦν.
1476 627 1514 662 ἐν

178 681 326 721 ταύταις
360 682 648 730 προεβάλλοντο
685 697 769 720 τους
804 681 996 730 ἄρχοντας.
1067 696 1183 729 ηρχον
1217 679 1280 717 οἶν
1313 680 1347 717 οἳ
1381 695 1513 717 πεντα-

180 736 300 773 κόσιοι
320 737 385 775 τὰς
411 735 625 784 τριακοσίας
651 735 879 783 πεντήκοντα
906 734 1056 783 ἡμέρας.
1116 734 1204 771 ἀλλ’
1224 734 1348 782 ἐπειδὴ
1374 734 1515 772 πολλοὶ

178 789 277 837 ἦσαν
297 791 356 827 καὶ
376 789 562 840 δυσχερῶς
581 789 691 837 ἤνυον
717 791 763 827 τὰ
789 789 1003 840 πράγματα,
1027 788 1164 826 διεῖλον
1187 789 1335 828 ἑαυτοὺς
1355 790 1404 827 εἷς
1428 787 1515 826 δέκα

177 844 325 893 μερίδας
347 846 438 881 κατὰ
457 845 523 883 τὰς
543 844 678 891 φυλάς,
696 845 766 880 ἀνὰ
787 843 1026 891 πεντήκοντα·
1059 843 1262 882 τοσούτους
1281 844 1354 894 γὰρ
1374 843 1514 891 ἑκάστη

178 899 283 947 φυλη
312 899 585 947 προεβάλλετο.
656 898 753 935 ὥστε
783 898 983 946 συνέβαινε
1013 897 1098 936 τοὺς
1127 898 1353 946 πεντήκοντα
1389 898 1515 948 ἄρχειν

177 955 248 990 τῶν
269 954 395 990 ἄλλων
415 954 485 989 ἆιὰ
505 952 700 1001 τριάκοντα
720 967 827 989 πεντε
846 952 995 1000 ἡμέρας.
1043 950 1150 988 aia-az
1169 953 1242 1002 γὰρ
1263 952 1300 988 αἱ
1319 952 1514 1000 τριάκοντα

177 1008 284 1044 πέντε
313 1008 445 1056 ἡμέραι
475 1006 548 1044 εἶσὶ
576 1007 619 1044 τὸ
649 1006 801 1043 δέκατον
830 1006 940 1055 μέρος
969 1008 1034 1043 τοῦ
1066 1008 1242 1043 ἐνιαυτοῦ·
1275 1005 1417 1045 δεκάκις
1442 1007 1515 1057 ’γὰρ

176 1062 371 1109 τριάκοντα
402 1061 608 1111 τριακόσια,
641 1061 813 1100 πεντάκις
847 1059 933 1097 δέκα
967 1076 1207 1108 πεντηκοιτ.α
1267 1058 1355 1097 ἀλλ’
1390 1060 1514 1109 ἐπειδὴ

176 1117 290 1153 πάλιν
316 1118 350 1153 οἱ
376 1116 603 1164 πεντήκοντα
627 1114 768 1152 πολλοὶ
790 1114 890 1163 ἦσαν
920 1117 968 1154 εἷς
998 1115 1040 1152 τὸ
1072 1115 1199 1165 ἄρχειν
1225 1115 1313 1164 ἅμα,
1336 1115 1400 1154 “Ι“οἱ
1427 1113 1513 1152 δέκα

178 1172 268 1207 κατὰ
290 1172 428 1218 κλῆρον
448 1169 568 1210 ’ῒεῖς
548 1186 639 1220 ηρχε
658 1170 747 1218 μίαν
765 1170 906 1218 ἡμέραν
925 1171 997 1207 τῶν
1018 1169 1122 1213 ἑπτα,
1145 1169 1278 1217 ὁμοίως
1298 1168 1373 1206 δὲ
1357 1185 1512 1209 εκαστος

175 1228 247 1262 τῶν
267 1225 428 1262 ἅλλων’
410 1225 483 1262 απὸ
505 1223 684 1291 κλήρου
663 1240 756 1274 ηρχε
775 1240 842 1271 την
858 1226 988 1261 ἑαυτοῦ
1009 1223 1162 1272 ἡμέραν,
1179 1224 1284 1273 ἄχρις
1299 1223 1341 1261 οὗ
1361 1226 1509 1272 πληρω-

123 1294 131 1305 ’
177 1279 292 1316 θῶσιν
323 1280 360 1316 αἱ
391 1281 485 1316 ἑπτὰ
515 1279 659 1327 ἡμέραι.
719 1278 778 1315 καὶ
810 1279 1009 1326 συνεβαινε
1040 1279 1117 1318 τοῖς
1146 1279 1306 1328 ἄρχουσι
1335 1279 1430 1327 τρεῖς
1458 1295 1512 1327 μη

176 1334 312 1384 ἄρχειν.
372 1333 528 1372 ἕκαστος
557 1332 594 1370 δὲ
625 1333 748 1384 ἅρχων
777 1335 815 1370 ἐν
842 1335 911 1382 μιᾷ
938 1333 1057 1382 ἡμερᾳ
1090 1333 1260 1370 ἐκαλεῖτο
1295 1333 1509 1381 ἐπιστάτης.

176 1387 234 1425 διὰ
261 1388 301 1425 τί
320 1387 357 1424 δὲ
381 1388 469 1437 μίαν
495 1387 613 1436 μόνην
638 1387 769 1437 ἦρχεν;
801 1387 924 1435 ἐπειδὴ
954 1388 1064 1427 αὐτὸς
1090 1389 1156 1426 τὰς
1184 1389 1284 1426 κλεῖς
1310 1389 1375 1436 τῆς
1401 1389 1509 1436 ἀκρο-

174 1443 319 1482 πόλεως
345 1442 558 1479 ἐπιστεύετο
586 1442 645 1478 καὶ
671 1443 792 1479 πάντα
819 1443 865 1479 τὰ
884 1442 1059 1492 χρήματα
1079 1443 1144 1489 τῆς
1170 1442 1325 1481 πόλεως.
1386 1440 1428 1479 ἵν’
1447 1441 1512 1479 οὖν

174 1497 227 1545 μὴ
263 1495 406 1546 ἐρασθῇ
438 1496 659 1544 τυραννίδος,
692 1496 751 1533 διὰ
784 1498 893 1534 τοῦτο
923 1497 1011 1545 μίαν
1047 1496 1187 1545 ἡμέραν
1222 1497 1369 1533 ἐποίουν
1399 1496 1511 1533 αὐτὸν

175 1551 292 1599 ἄρξαι.
353 1551 476 1588 ἰστέον
495 1549 525 1587 δ’
545 1551 600 1587 ὅτι
621 1552 655 1588 οἶ
681 1552 748 1599 μὲν
772 1551 999 1599 πεντήκοντα
1027 1553 1228 1588 ἐκαλοῦντο
1250 1551 1453 1599 πρυτάνεις,
1475 1553 1509 1588 οἶ

175 1605 211 1642 δὲ
247 1605 332 1642 δέκα
367 1605 549 1654 πρόεδροι,
585 1606 604 1642 ὁ
639 1604 677 1642 δὲ
711 1603 760 1645 εἷς
794 1606 1006 1654 ἐπιστάτης.
1077 1605 1243 1654 μετιτέον
1278 1604 1315 1642 δὲ
1350 1605 1409 1642 ἐπὶ
1441 1605 1510 1653 τὴν

173 1659 352 1697 ὑπόθεσιν
369 1662 434 1697 τοῦ
454 1660 694 1708 προκειμένου
715 1659 843 1710 λόγου.

222 1712 336 1752 ’Ἑθος
356 1713 401 1762 ἦν
419 1714 487 1761 τὴν
505 1714 654 1762 βουλὴν
673 1717 745 1751 τῶν
764 1714 1018 1751 πεντακοσίων
1038 1714 1314 1763 λαμβάνουσαν
1333 1714 1508 1764 χρήματα

175 1768 249 1805 ἀπὸ
274 1770 339 1805 τοῦ
366 1768 483 1817 δήμου
509 1769 631 1807 καινὰς
657 1769 814 1817 τριήρεις
837 1771 966 1806 ποιεῖν·
999 1769 1108 1817 νόμος
1132 1768 1171 1806 δὲ
1196 1768 1242 1817 ἦν
1267 1769 1334 1817 τὴν
1359 1769 1508 1817 βουλὴν

173 1822 241 1869 τὴν
279 1822 442 1868 δόξασαν
479 1825 529 1872 τῷ
568 1822 670 1873 δήμῳ
716 1825 837 1862 καλῶς
874 1823 1171 1871 βεβουλευκέναι
1209 1822 1504 1871 στεφανοῦσθαι.

173 1877 266 1925 αὕτη
295 1876 359 1914 οὖν
386 1878 409 1925 ἡ
437 1877 575 1925 βουλή,
597 1877 680 1925 περὶ
709 1876 752 1925 ἧς
782 1878 801 1914 ὁ
830 1878 954 1928 λόγος,
979 1878 1160 1925 λαβοῦσα
1188 1879 1235 1915 τὰ
1263 1878 1437 1927 χρήματα
1466 1880 1505 1914 ἐκ

173 1933 237 1968 τοῦ
257 1930 374 1979 δήμου
393 1932 458 1970 τὰς
477 1932 635 1980 τριήρεις
650 1933 715 1968 οὐκ
736 1931 923 1979 ἐποίησεν,
943 1931 1058 1968 ἐδόκει
1079 1930 1108 1969 δ’
1129 1933 1178 1971 εἷς
1197 1932 1243 1968 τὸ.
1263 1933 1365 1969 ἅλλα
1384 1932 1505 1969 πάντα

174 1988 295 2025 καλῶς
320 1986 624 2033 βεβουλευκέναι.
681 1986 700 2023 ὃ
725 1988 816 2036 γοῦν
841 1984 1059 2035 Ἀνδροτίων
1085 1987 1105 2024 ὁ
1132 1986 1264 2036 ῥήτωρ,
1291 1986 1505 2035 προστάτης

173 2040 222 2077 ὢν
254 2040 389 2089 ταύτης
426 2042 491 2088 Τῆς
524 2041 681 2089 βουλῆς,
717 2041 854 2092 ἔγραψε
893 2041 1076 2091 ψήφισμα
1115 2041 1400 2090 στεφανωθῆναι
1437 2041 1505 2089 τὴν

171 2095 330 2144 βουλήν.
400 2096 533 2133 τούτου
571 2096 759 2143 ἐλάβοντο
800 2098 864 2133 τοῦ
909 2096 1157 2145 ψηφίσματος
1200 2097 1247 2136 ὡς
1284 2095 1505 2145 παρανόμως

220 2208 257 2228 12
281 2198 456 2230 τοσούτους
477 2198 613 2229 Bekker
629 2210 635 2229 z
659 2199 793 2231 τούτους
812 2200 910 2230 codd.
1074 2210 1111 2238 15
1136 2200 1273 2232 δέκατον
1292 2199 1480 2230 Felicianus
1496 2214 1503 2232 ε

173 2241 354 2274 δωδέκατον
382 2243 477 2272 codd.
652 2244 754 2281 17-18
790 2243 853 2282 ἅμα
878 2267 884 2274 .
913 2267 919 2273 .
950 2267 956 2274 .
983 2244 1066 2275 κατὰ
1094 2244 1229 2285 κλῆρον]
1260 2243 1421 2274 nonnulla
1449 2244 1502 2274 hic

172 2286 398 2316 exciderunt:
438 2286 588 2316 Iurinum
614 2291 750 2317 secutus
776 2287 824 2317 sic
853 2287 1087 2326 suppleveris:
1128 2287 1203 2326 ἅμα,
1228 2286 1374 2328 (διεῖλον
1405 2287 1503 2319 πάλιν

173 2329 303 2361 ἑαυτοὺς
329 2330 373 2361 εἰς
398 2331 501 2362 ἄλλας
525 2332 623 2362 πέντε
648 2331 776 2371 μερίδας
801 2332 860 2363 ἀνὰ
884 2331 969 2362 δέκα.
1019 2330 1092 2372 καὶ)
1117 2333 1147 2362 οἱ
1170 2332 1247 2363 δέκα
1270 2330 1395 2372 (ἦρχον
1419 2332 1502 2363 ἑπτὰ

171 2372 299 2414 ἡμέρας,
319 2374 370 2405 καὶ
388 2372 513 2415 αὐτῶν)
530 2375 612 2405 κατὰ
629 2376 749 2415 κλῆρον
767 2373 811 2407 εἷς
1007 2376 1044 2404 18
1068 2375 1144 2414 μίαν
1165 2375 1286 2415 ἡμέραν
1307 2375 1380 2406 cod.
1401 2374 1498 2406 Bodl.

171 2417 260 2490 apltl1d
275 2416 458 2457 Taylorum
477 2429 483 2448 ε
507 2420 579 2456 μιᾶς
596 2416 713 2458 ἡμέρας
729 2422 807 2448 cett.
925 2427 966 2457 35
992 2417 1169 2459 ἐλάβοντο]
1190 2418 1393 2455 ἐπελάβοντο
1408 2417 1507 2448 Wolf

171 2469 209 2490 eo
239 2486 244 2491 .
265 2463 280 2497 ξ
298 2472 319 2500 9

1543 525 1564 558 6

1544 1070 1564 1104 7

1536 1872 1646 1929 [5913
