1737 2734
119 869 156 891 10

118 1198 153 1230 ¹5

114 1533 152 1555 20

111 1867 148 1898 25

181 144 299 197 xxm]
495 144 628 185 KAT'
672 146 1187 185 ΑΡΙΣΤΟΚΡΑΤΟΎΣ
1538 145 1656 201 [625]

179 251 349 303 φέρουσι
365 250 695 300 κατασκευάζοντι
711 251 907 301 τοσαύτην
924 248 1110 300 ἐξουσίαν
1130 250 1303 292 διδόντες
1318 253 1387 290 τοῦ
1402 249 1508 290 ταῦτ’

179 319 301 359 ἀὸεῶς
327 316 531 369 πράττειν;
576 317 621 358 οὐ
644 318 776 358 τοίνυν
799 318 921 368 μόνον
949 319 990 357 ἐκ
1017 317 1166 357 τούτων
1191 317 1315 367 δῆλόν
1340 316 1427 356 ἐσθ’
1447 317 1508 356 ὅτι
1542 323 1584 359 16

177 385 327 424 τούτων
352 383 451 424 ἕνεκ’
476 383 618 435 ἐρρήθη
644 384 689 424 τὸ
716 383 984 436 προβούλευμ’
1017 385 1070 424 ὧν
1095 383 1216 435 λέγω,
1244 384 1351 423 ἀλλὰ
1377 384 1440 424 καὶ
1465 385 1507 423 ἐκ

177 454 244 491 τοῦ
268 452 533 503 ψηφίσματος
562 452 679 491 αὐτοῦ
707 452 898 503 μαρτυρία
925 452 982 492 τίς
1018 449 1102 490 ἐστ’
1133 450 1359 502 εὐμεγέθης.
1433 449 1508 490 ’ἂν

177 520 252 569 γὰρ
282 518 493 573 ἀποκτείνῃ
523 534 581 560 τις
613 517 860 570 Χαρίδημον’
892 517 1052 569 γράψας
1083 517 1145 557 καὶ
1175 519 1360 569 παραβὰς
1392 515 1437 556 τὸ
1470 518 1511 557 τί

177 584 383 635 πράττοντ’
404 586 540 630 εἰπεῖν,
568 584 699 636 πότερ’
725 585 818 635 ἡμῖν
844 583 1088 635 συμφέροντ’
1114 580 1137 633 ἢ
1162 584 1220 630 οὔ,
1247 582 1418 636 γέγραφ’
1444 584 1504 624 εὐ-

177 651 244 692 θὺς
271 653 280 668 ‘
298 651 501 703 ἀγώγιμον
532 652 575 691 ἐκ
608 655 684 691 τῶν
715 650 938 703 συμμάχων
964 650 1091 690 εῖναι.’
1161 650 1300 690 οὐκοῦν
1329 653 1406 690 τῶν
1434 652 1507 701 μὲν
1541 661 1581 696 17

175 719 329 770 ἐχθρῶν
354 718 497 768 ὁμοίως
521 718 614 768 ἡμῖν
638 734 681 758 τε
708 718 872 772 κάκείνῳ
900 716 1081 758 οὐδέποτ’
1101 718 1157 759 εἰς
1181 717 1271 759 τοὺς
1295 716 1506 768 ἡμετέρους

175 782 261 834 ἥξει
281 783 511 837 συμμάχους
529 784 668 830 οὐδείς,
695 783 775 824 οὔτ’
795 785 1030 825 ἀποκτείνας
1051 785 1200 824 ἐκεῖνον
1217 785 1305 824 οὔτε
1323 782 1390 834 μή,
1411 783 1506 823 ὥστ’

176 851 220 890 οὐ
252 853 348 891 κατὰ
378 851 528 891 τούτων
558 851 761 903 γέγραφεν
798 851 943 901 ταύτην
980 851 1052 900 τὴν
1088 852 1289 901 τιμωρίαν.
1360 854 1436 890 τῶν
1473 850 1505 891 δ’
1535 849 1656 905 [626]

175 918 374 970 ἡμετέρων
405 920 480 969 μὲν
510 919 654 970 φίλων,
684 920 835 959 ἐκείνου
861 918 916 964 δέ,
945 919 1039 958 ὅταν
1065 919 1226 974 ἐγχειρῇ
1255 934 1293 957 τι
1318 916 1505 969 πράττειν

175 986 355 1025 ἐναντίον
379 986 482 1035 ὑμῖν,
505 986 672 1038 ἐχθρῶν,
697 986 845 1025 τούτων
872 983 918 1035 δή
945 986 1005 1026 τίς
1030 986 1142 1024 ἐστιν
1167 985 1188 1023 ὁ
1212 987 1326 1024 τοῦτο
1351 983 1397 1024 τὸ
1421 982 1501 1036 ψή·

175 1058 309 1103 φισμα
338 1053 535 1103 φοβηθεὶς
563 1051 611 1092 ἂν
642 1053 704 1092 καὶ
736 1050 1016 1104 φυλαξάμενος
1044 1051 1096 1102 μὴ
1128 1051 1177 1091 δι’
1209 1049 1385 1103 ἀνάγκην
1412 1050 1505 1102 ἡμῖν

175 1120 230 1160 εἰς
250 1118 398 1172 ἔχθραν
423 1120 569 1159 ἐλθεῖν.
641 1118 729 1159 ἔστι
754 1120 887 1159 τοίνυν
913 1118 1027 1160 οὗτος
1051 1117 1334 1170 Ἀθηνόδωρος,
1357 1118 1501 1168 Σίμων,

178 1184 342 1238 Βιάνωρ,
365 1187 401 1226 οἱ
427 1183 589 1239 Θρᾴκης
614 1189 817 1236 βασιλεῖς,
839 1185 965 1226 ἄλλος
992 1186 1104 1226 ὅστις
1127 1183 1176 1225 ἂν
1202 1186 1256 1226 εἰς
1276 1184 1504 1236 εὐεργεσίας

173 1252 290 1304 μέρος
327 1251 566 1292 καταθέσθαι
599 1253 790 1302 βούλοιτο
823 1252 868 1292 τὸ
903 1251 1089 1304 πράττειν
1122 1250 1324 1292 ὑπεναντι’
1353 1252 1504 1291 ἐκεῖνον

173 1318 416 1371 ἐγχειροῦνθ’
440 1320 530 1369 ὑμῖν
554 1320 752 1372 ἐπισχεῖν.

235 1383 316 1426 Ἷὶν
340 1388 412 1436 μὲν
442 1386 573 1426 τοίνυν
602 1385 702 1426 ἕνεκ’
727 1384 870 1438 ἐρρήθη
896 1386 940 1426 τὸ
965 1386 1260 1438 προβούλευμα,
1287 1385 1351 1425 ἵνα
1380 1385 1499 1436 κυρώ-
1538 1391 1578 1426 18

173 1469 281 1492 σειεν
301 1453 321 1491 ὁ
340 1454 462 1502 δῆμος
487 1451 758 1503 ἐξαπατηθείς,
783 1453 846 1493 καὶ
866 1452 915 1493 δι’
932 1453 955 1493 ἂ
974 1452 1045 1502 τὴν
1065 1451 1224 1504 γραφὴν
1245 1451 1503 1502 ἐποιησάμεθ’

171 1518 282 1569 ἡμεῖς
311 1520 484 1569 ταυτηνί,
518 1519 761 1570 βουλόμενοι
793 1523 982 1566 κωλῦσαι,
1014 1519 1119 1559 ταῦτ’
1150 1520 1276 1564 ἐστίν,
1304 1516 1334 1558 ὦ
1363 1518 1502 1570 ἄνδρες

171 1584 389 1636 Ἀθηναῖοι.
460 1586 609 1626 δίκαιον
649 1585 681 1625 δ’
723 1586 834 1626 ἐστὶν
874 1587 970 1628 ἴσως
1008 1585 1068 1637 ἔμ’
1106 1584 1385 1639 ὑπεσχημένον
1423 1585 1502 1637 τρί’

170 1650 393 1702 ἐπιδείξειν,
421 1652 462 1692 ἓν
486 1655 557 1703 μὲν
584 1652 636 1694 ὡς
661 1655 766 1705 παρὰ
790 1653 880 1695 τοὺς
905 1654 1046 1704 νόμους
1070 1652 1115 1693 τὸ
1134 1651 1317 1705 ψήφισμ’
1338 1654 1500 1704 εἴρηται,

170 1719 351 1771 δεύτερον
389 1719 422 1759 δ’
462 1719 513 1761 ὡς
552 1719 788 1771 ἀσύμφορόν
831 1721 919 1760 ἐστι
956 1725 1004 1776 τῇ
1042 1719 1172 1765 πόλει,
1213 1720 1343 1771 τρίτον
1379 1718 1412 1758 δ’
1451 1719 1502 1760 ὡς

169 1783 330 1835 ἀνάξιος
354 1789 488 1840 τυχεῖν
513 1783 691 1837 [τούτων]
717 1785 746 1841 ᾧ
774 1786 1007 1839 γέγραπται,
1035 1785 1192 1827 πάντων
1225 1786 1379 1837 αἵρεσιν
1409 1786 1500 1836 ὑμῖν

169 1854 303 1893 δοῦναι
338 1857 420 1895 τοῖς
457 1853 753 1903 ἀκουσομένοις,
793 1854 833 1893 τί
865 1856 1020 1905 πρῶτον
1055 1849 1078 1903 ἢ
1114 1853 1155 1893 τί
1186 1853 1368 1904 δεύτερον
1402 1849 1426 1902 ἦ
1462 1853 1503 1892 τί

168 1923 395 1960 τελευταῖον
420 1919 685 1971 βουλομένοις
711 1920 867 1961 ἀκούειν
892 1922 982 1971 ὑμῖν
1009 1921 1134 1960 ἐστιν.
1205 1920 1228 1959 ὅ
1256 1936 1293 1959 τι
1323 1918 1368 1969 δὴ
1397 1918 1494 1969 βού-
1532 1928 1573 1964 19

216 2038 254 2058 10
278 2030 313 2060 οὐ
330 2028 426 2069 κατὰ]
446 2031 502 2060 οὐκ
519 2029 581 2060 ἀπὸ
597 2028 628 2058 Α
795 2038 830 2059 11
858 2042 888 2060 τι
907 2039 971 2060 om.
993 2028 1101 2059 SYO
1265 2037 1366 2066 12-13
1391 2030 1430 2065 δη
1446 2041 1497 2061 τις

169 2084 239 2103 εστι
260 2097 265 2103 .
285 2096 292 2103 .
316 2096 322 2102 .
340 2076 493 2112 φοβηθεις
510 2073 549 2104 ἂν
567 2073 590 2102 S
607 2085 658 2114 γρ.
679 2083 686 2102 z
711 2073 749 2105 ἄν
764 2085 814 2104 τις
833 2074 924 2104 ἐστὶν
939 2097 945 2103 .
964 2096 971 2103 .
988 2096 995 2103 .
1013 2073 1166 2113 φοβηθεὶς
1183 2071 1279 2102 codd.
1295 2082 1302 2100 t
1326 2072 1365 2103 ἄν
1381 2084 1430 2103 τις
1446 2074 1496 2110 εἴη

170 2141 176 2146 .
194 2138 203 2147 .
223 2139 229 2145 .
249 2117 404 2157 φοβηθεὶς
426 2115 504 2146 olim
525 2116 702 2155 legebatur
834 2125 938 2154 13-14
962 2117 1007 2155 μὴ
1026 2139 1033 2145 .
1052 2139 1059 2146 .
1082 2138 1089 2146 .
1111 2112 1245 2156 ἔχθραν]
1265 2117 1317 2146 δια
1339 2115 1496 2153 μηδεμίαν

170 2172 313 2199 αναγκην
329 2171 371 2190 εις
389 2160 508 2200 εχθρὰν
524 2162 600 2198 ημῖν
617 2163 724 2191 ελθειν
741 2158 765 2190 S
781 2172 831 2201 γρ.
1008 2160 1110 2197 18-19
1133 2160 1186 2190 ἵνα
1202 2182 1210 2189 .
1230 2183 1237 2189 .
1258 2181 1266 2189 .
1288 2159 1496 2198 ἐξαπατηθεὶς

167 2202 248 2233 secl.
268 2202 377 2233 Cobet
545 2213 588 2233 20
612 2204 803 2242 βουλόμενοι
820 2205 964 2235 κωλῦσαι
980 2203 1059 2233 secl.
1079 2202 1187 2233 Cobet
1355 2211 1397 2239 24
1422 2203 1495 2233 ἐστι

168 2251 243 2284 post
260 2246 384 2286 ἀνάξιος
400 2246 474 2277 add.
494 2245 517 2276 S
535 2246 625 2284 vulg.
646 2257 652 2276 τ
676 2257 741 2277 om.
757 2245 788 2276 A
869 2246 995 2278 τούτων
1011 2250 1087 2285 post
1104 2248 1220 2285 τυχεῖν
1237 2244 1261 2276 S
1279 2243 1367 2283 vulg.
1385 2255 1392 2274 :
1415 2249 1494 2275 ante

166 2291 281 2329 τυχεῖν
297 2290 370 2319 cod.
392 2299 478 2319 unus
494 2300 501 2319 τ
525 2290 604 2320 secl.
626 2289 828 2328 Rosenberg
944 2289 1074 2321 πάντων
1091 2289 1115 2319 S
1127 2289 1158 2319 Y
1174 2300 1180 2320 :
1204 2288 1353 2320 ἁπάντων
1369 2287 1495 2320 τούτων

166 2332 254 2371 vulg.
420 2342 461 2371 25
486 2333 505 2370 ἢ
521 2333 578 2364 τί.
601 2358 606 2364 .
627 2333 670 2370 .ἢ
686 2333 720 2364 τί
735 2334 831 2363 codd.
850 2344 857 2363 τ
880 2333 936 2364 τί.
957 2356 964 2363 .
986 2356 993 2363 .
1012 2333 1046 2364 τί
1064 2332 1220 2363 Dobree:
1246 2333 1297 2363 καὶ
1314 2332 1370 2363 τί.
1390 2355 1396 2362 .
1416 2352 1424 2361 .
1441 2332 1493 2364 καὶ

165 2377 199 2406 τί
215 2375 323 2406 Cobet
478 2377 520 2405 26
544 2375 669 2407 ἀκούειν
686 2378 756 2415 ὑμῖν
774 2378 865 2407 ἐστιν
882 2375 906 2406 S
919 2375 948 2405 Y
960 2375 991 2406 O
1007 2387 1014 2406 ε
1039 2377 1111 2415 ὕμιν
1129 2377 1220 2408 ἐστιν
1237 2375 1362 2407 ἀκούειν
1378 2374 1468 2414 vulg.
1486 2385 1493 2404 τ

165 2419 290 2451 ἀκούειν
306 2418 385 2450 secl.
405 2417 498 2449 Weil
515 2429 522 2448 Ξ
546 2418 673 2450 ἀκούειν
689 2421 761 2459 ὑμῖν
777 2419 858 2449 secl.
879 2417 977 2449 Blass
