1737 2734
125 534 143 565 5

106 866 145 887 10

105 1199 140 1230 15

102 1532 140 1554 20

102 1865 138 1896 25

167 140 254 195 xm]
590 145 750 183 ΚΑΤΑ
801 145 1075 183 ΜΕΙΔΙΟΤ

973 249 982 262 t

164 251 372 290 ἀπειθοῦσι
407 249 470 289 καὶ
506 249 760 300 βιαζομένοις
789 248 930 291 αὐτοὺς
965 267 988 299 η
1026 248 1116 301 παρ’
1146 249 1253 299 ὑμῶν
1285 247 1383 301 ὀργὴ
1420 252 1497 289 τῶν

164 316 226 357 ἀεὶ
252 317 391 368 κυρίων
414 316 466 366 μὴ
494 315 718 368 γενήσεται.

232 382 335 434 Φέρε
368 382 414 432 δὴ
451 382 546 435 πρὸς
580 385 680 424 θεῶν
717 384 872 423 κάκεῖνο
907 382 1131 435 σκέψασθε.
1202 381 1497 435 παραιτήσομαι

164 449 196 489 δ’
231 451 330 500 ὑμᾶς
367 452 490 500 μηδὲν
530 451 784 503 ἀχθεσθῆναί
815 467 895 500 μοι,
922 451 990 490 ἐὰν
1027 450 1091 490 ἐπὶ
1131 452 1340 502 συμφορᾶς
1377 454 1496 490 τινῶν

165 517 389 568 γεγονότων
427 516 620 567 ὀνομαστὶ
662 519 840 567 μνησθῶ·
888 517 932 557 οὐ
970 518 1044 569 γὰρ
1080 518 1274 557 ὀνειδίσαι
1314 518 1369 567 μὰ
1404 517 1496 558 τοὺς

165 582 277 624 θεοὺς
302 582 430 623 οὐδενὶ
455 586 648 636 δυσχερὲς
668 583 780 623 οὐδὲν
798 584 1046 634 βουλόμενος
1065 587 1180 623 τοῦτο
1199 582 1369 633 ποιήσω,
1387 584 1495 624 ἀλλὰ

163 649 287 700 δεῖξαι
312 649 357 689 τὸ
387 649 600 700 βιάζεσθαι
632 650 693 689 καὶ
718 650 895 702 ὑβρίζειν
921 651 983 689 καὶ
1019 652 1067 689 τὰ
1098 653 1259 690 τοιαῦτα
1288 654 1418 690 ποιεῖν
1444 651 1495 692 ὡς

163 716 335 758 ἅπαντες
365 717 472 767 ὑμεῖς
499 718 535 757 οἱ
559 716 680 756 ἄλλοι
710 717 892 769 φεύγετε.
966 718 1140 756 Σαννίων
1167 717 1253 757 ἐστὶ
1287 716 1411 766 δήπου
1436 735 1495 759 τις

164 784 184 822 ὁ
208 782 298 824 τοὺς
322 783 530 835 τραγικοὺς
556 784 700 836 χοροὺς
725 782 936 824 διδάσκων·
979 783 1093 824 οὗτος
1118 784 1354 835 ἀστρατείας
1388 783 1494 824 ἑάλω

165 850 227 889 καὶ
258 849 445 902 κέχρηται
476 855 676 904 συμφορᾷ.
747 853 885 890 τοῦτον
917 852 1016 901 μετὰ
1049 850 1119 899 τὴν
1152 851 1318 903 ἀτυχίαν
1350 851 1495 901 ταύτην

163 917 420 966 ἐμισθώσατό
438 933 496 958 τις
523 920 742 969 φιλονικῶν
767 917 939 970 χορηγὸς
957 920 1181 971 τραγῳδῶν,
1202 915 1321 968 οἶμαι,
1345 919 1492 967 Θεοζο-

162 984 283 1033 τίδης.
355 983 401 1023 τὸ
429 986 503 1034 μὲν
529 985 597 1024 οὖν
623 987 778 1035 πρῶτον
807 983 1053 1035 ἠγανάκτουν
1082 985 1118 1023 οἱ
1144 984 1400 1036 ἀντιχορηγοὶ
1431 984 1494 1024 καὶ

164 1050 359 1090 κωλύσειν
385 1051 558 1102 ἔφασαν,
579 1051 629 1092 ὡς
648 1050 680 1090 δ’
702 1051 911 1102 ἐπληρώθη
937 1050 981 1090 τὸ
1001 1050 1166 1102 θέατρον
1186 1050 1248 1090 καὶ
1273 1049 1342 1090 τὸν
1367 1052 1494 1104 ὄχλον

163 1117 472 1169 συνειλεγμένον
498 1118 603 1157 εῖδον
622 1117 686 1157 ἐπὶ
705 1117 774 1157 τὸν
794 1118 941 1170 ἀγῶνα,
964 1117 1158 1167 ὤκνησαν,
1186 1119 1340 1162 εἴασαν,
1367 1118 1494 1159 οὐδεὶς

161 1184 309 1235 ἥψατο,
331 1184 439 1224 ἀλλὰ
463 1187 654 1224 τοσοῦτον
677 1186 746 1233 τῆς
767 1184 978 1235 εὐσεβείας
998 1185 1040 1224 ἐν
1060 1183 1213 1238 ἑκάστῳ
1238 1200 1296 1226 τις
1320 1183 1368 1224 ἂν
1387 1185 1493 1235 ὑμῶν

162 1252 238 1290 ἴδοι
263 1250 307 1290 τὸ
333 1250 639 1304 συγκεχωρηκὸς
670 1251 775 1291 ὥστε
805 1250 935 1291 πάντα
963 1251 1032 1291 τὸν
1063 1253 1163 1301 μετα
1195 1254 1318 1291 ταῦτα
1345 1253 1493 1305 χρόνον

162 1316 339 1358 διδάσκει
377 1317 467 1359 τοὺς
504 1317 648 1370 χοροὺς
688 1318 750 1357 καὶ
788 1317 880 1358 οὐδὲ
917 1322 994 1358 τῶν
1035 1319 1143 1358 ἰδίων
1181 1319 1336 1371 ἐχθρῶν
1367 1318 1492 1361 οὐδεὶς

163 1384 318 1424 κωλύει·
351 1384 508 1424 τοσοῦτ’
539 1383 682 1437 ἀπέχει
712 1388 790 1424 τῶν
819 1388 1015 1438 χορηγῶν.
1085 1384 1210 1426 ἄλλος
1239 1385 1350 1425 ἐστὶν
1383 1385 1489 1437 Ἀρι-

162 1452 320 1501 στείδης
346 1453 517 1508 Οἰνῇδος
542 1453 685 1503 φυλῆς,
712 1451 916 1504 ἠτυχηκώς
941 1468 978 1491 τι
1004 1452 1066 1492 καὶ
1092 1452 1205 1493 οὗτος
1230 1455 1421 1497 τοιοῦτον,
1449 1452 1491 1495 ὃς

161 1521 228 1557 νῦν
253 1519 324 1567 μὲν
351 1518 414 1557 καὶ
446 1517 575 1570 γέρων
601 1517 712 1558 ἐστὶν
742 1517 815 1569 ἤδη
847 1519 910 1558 καὶ
936 1520 1032 1560 ἴσως
1062 1518 1188 1568 ἥττων
1213 1518 1415 1571 χορευτής,
1444 1518 1491 1569 ἧν

160 1583 203 1624 δέ
236 1584 326 1624 ποθ’
361 1585 519 1636 ἡγεμὼν
557 1587 626 1634 τῆς
665 1587 796 1637 φυλῆς
834 1581 1087 1638 [κορυφαῖος].
1159 1587 1246 1626 ἴστε
1287 1588 1328 1626 δὲ
1367 1585 1491 1636 δήπου

158 1651 264 1691 τοῦθ’
289 1652 348 1691 ὅτι
373 1651 439 1691 τὸν
466 1651 626 1703 ἡγεμόν’
647 1651 695 1692 ἂν
719 1651 853 1708 ἀφέλῃ
878 1669 949 1698 τις,
971 1654 1124 1705 οἴχεται
1148 1653 1168 1691 ὁ
1193 1652 1334 1694 λοιπὸς
1357 1653 1490 1705 χορός.

160 1717 254 1758 ἀλλ’
274 1720 379 1768 ὅμως
398 1722 563 1758 πολλῶν
587 1722 772 1771 χορηγῶν
798 1719 1160 1771 φιλονικησάντων,
1181 1719 1307 1761 οὐδεὶς
1331 1720 1490 1761 πώποτε

159 1784 263 1824 τοῦτ’
290 1785 369 1825 εἶδε
398 1785 442 1824 τὸ
470 1784 757 1836 πλεονέκτημα,
786 1785 867 1826 οὐδ’
895 1787 1093 1837 ἐτόλμησε
1117 1789 1256 1826 τοῦτον
1281 1785 1490 1838 ἐξαγαγεῖν

159 1850 249 1892 οὐδὲ
274 1855 465 1892 κωλῦσαι·
503 1852 566 1891 διὰ
591 1853 665 1903 γὰρ
690 1855 733 1891 τὸ
760 1854 842 1892 δεῖν
861 1852 980 1892 αὐτὸν
1000 1854 1296 1903 ἐπιλαβόμενον
1315 1859 1362 1910 τῇ
1387 1854 1489 1907 χειρὶ

159 1921 274 1957 τοῦτο
308 1920 474 1967 ποιῆσαι
512 1918 576 1958 καὶ
610 1917 662 1969 μὴ
701 1919 1060 1970 προσκαλέσασθαι
1098 1920 1196 1971 πρὸς
1228 1924 1297 1960 τὸν
1330 1920 1490 1972 ἄρχοντ’

160 1982 318 2033 ἐξεῖναι,
341 1986 477 2036 ὥσπερ
502 1984 551 2024 ἂν
571 1985 604 2025 εἰ
630 1984 743 2035 ξένον
768 2002 827 2027 τις
848 1985 1058 2038 ἐξαγαγεῖν
1079 1987 1286 2037 ἐβούλετο,
1305 1987 1406 2029 ἅπας
1432 2004 1490 2029 τις

203 2105 221 2131 4
262 2096 426 2135 συμφορᾶς
459 2094 645 2125 Schaeser:
685 2097 860 2136 συμφοραῖς
896 2096 994 2126 codd.
1031 2095 1159 2132 (servat
1196 2096 1345 2126 Badham
1378 2095 1491 2126 deleto

158 2138 361 2178 γεγονότων)
497 2146 516 2175 5
547 2136 735 2178 γεγονότων
759 2139 880 2169 codd.:
913 2140 1096 2180 γεγονυίαις
1126 2142 1272 2179 [servato
1298 2143 1488 2179 συμφοραΐςῑ

159 2180 263 2219 weil,
283 2181 324 2211 cf.
343 2191 390 2210 xx
409 2191 426 2219 7
517 2181 672 2220 ὀνομαστὶ
692 2180 841 2212 Reiske:
866 2181 998 2221 ὀνόματι
1015 2183 1112 2213 codd.
1253 2193 1287 2213 11
1315 2187 1491 2223 φιλονικῶν

160 2223 203 2255 S:
229 2227 421 2265 φιλονεικῶν
438 2223 542 2263 vulg.,
562 2224 602 2255 cf.
625 2226 663 2261 ἐξ
680 2225 733 2259 60,
753 2226 806 2263 66,
826 2235 872 2254 xx
894 2235 952 2263 144
1122 2227 1160 2256 16
1183 2228 1222 2257 τὸ
1240 2226 1491 2267 συγκεχωρηκός

158 2267 229 2296 ΑΒ
254 2277 352 2306 corr„
370 2268 418 2297 sic
440 2267 612 2298 Aristides
635 2268 668 2297 in
694 2267 777 2298 locis
801 2279 821 2298 a
843 2269 1018 2299 Dindorfio
1041 2269 1173 2300 citatis:
1199 2270 1448 2311 συγκεχωρηκός
1466 2270 1490 2300 S

159 2310 249 2349 vulg.
388 2311 427 2341 18
450 2314 516 2342 τῶν
532 2315 684 2351 χορηγῶν
702 2311 726 2342 S
743 2311 834 2342 solus
851 2323 858 2343 ε
881 2315 940 2345 τοῦ
958 2314 1039 2354 (τῶν
1054 2313 1109 2352 aL,
1129 2316 1188 2345 τοῦ
1204 2316 1269 2345 τῶν
1285 2313 1342 2351 al.,
1360 2315 1418 2344 τοῦ
1434 2315 1492 2345 τὸν

159 2353 219 2390 al.)
233 2356 383 2395 χορηγῶν
398 2354 489 2395 (-γὸν
505 2354 664 2394 31.)τινὸς
682 2354 821 2395 ἅψασθαι
833 2355 922 2395 vulg.
1016 2366 1053 2386 21
1076 2360 1246 2398 κορυφαῖος
1263 2356 1344 2387 secl.
1361 2356 1490 2388 Reiske

159 2405 198 2426 22
223 2396 386 2438 ἀφέληται
403 2397 433 2427 Α
568 2406 608 2435 23
635 2398 935 2438 φιλονεικησάντων
952 2399 1065 2438 codd.‚
1085 2400 1126 2431 cs.
1150 2404 1164 2437 ξ
1183 2410 1226 2439 59

1529 144 1639 199 [533]

1528 865 1571 900 59

1522 1385 1569 1420 60

1523 1914 1633 1968 [534]
