1737 2734
97 876 135 897 10

94 1544 134 1565 20

158 148 244 202 m]
581 152 739 189 ΚΑΤΑ
790 151 1064 189 ΜΕιΔιοΥ
1520 151 1622 205 [551]

153 257 314 308 μέτεστι
351 260 428 296 τῶν
467 258 567 297 ἴσων
603 256 691 296 οὐδὲ
726 260 803 296 τῶν
837 256 994 306 ὁμοίων,
1027 254 1056 295 ὦ
1094 255 1231 307 ἄνδρες
1265 255 1483 306 Ἀθηναῖοι,

155 324 251 375 πρὸς
286 323 376 364 τοὺς
412 324 630 364 πλουσίους
665 326 746 364 τοῖς
782 326 939 364 λοιποῖς
975 323 1081 374 ἡμῖν,
1115 323 1160 362 οὐ
1195 322 1396 373 μέτεστιν,
1426 324 1484 362 οὔ·

155 392 262 430 ἀλλὰ
300 391 362 430 καὶ
398 391 534 442 χρόνοι
563 390 716 431 τούτοις
749 393 817 429 τοῦ
850 389 920 439 τὴν
954 391 1065 440 δίκην
1100 391 1307 441 ὑποσχεῖν,
1338 389 1404 431 οὓς
1437 389 1486 430 ἂν

155 457 266 497 αὐτοὶ
299 457 539 506 βούλωνται,
567 457 751 502 δίδονται,
781 457 842 496 καὶ
872 455 1102 507 τάδικήμαθ’
1129 457 1234 496 ἕωλα
1259 457 1307 495 τὰ
1336 456 1486 496 τούτων

155 524 205 565 ὡς
231 524 329 574 ὑμᾶς
355 524 417 563 καὶ
441 523 565 576 ψύχρ’
585 524 820 575 ἀφικνεῖται,
844 527 921 562 τῶν
948 523 980 562 δ’
1006 523 1143 563 ἄλλων
1168 523 1277 574 ἡμῶν
1303 523 1484 569 ἕκαστος,

155 591 202 630 ἄν
238 607 274 630 τι
311 594 460 647 συμβῇ,
500 591 736 642 πρόσφατος
781 591 962 641 κρίνεται.
1050 590 1112 629 καὶ
1153 589 1346 642 μάρτυρές
1383 591 1486 630 εἰσιν

155 658 304 707 ἕτοιμοι
328 657 480 698 τούτοις
510 658 572 697 καὶ
598 655 813 708 συνήγοροι
844 656 988 698 πάντες
1020 657 1103 696 καθ’
1129 657 1239 707 ἡμῶν
1270 656 1484 708 εὐτρεπεῖς·

155 724 242 773 ἐμοὶ
282 723 315 763 δ’
358 724 446 764 οὐδὲ
487 724 640 773 τάληθῆ
682 726 892 774 μαρτυρεῖν
936 722 1147 765 ἐθέλοντας
1194 722 1301 775 ὁρᾶτ’
1345 724 1484 764 ἐνίους.

153 794 275 830 ταῦτα
298 792 372 841 μὲν
395 790 463 829 οὖν
489 791 650 830 ἀπείποι
675 806 732 831 τις
757 789 818 835 ἄν,
840 789 960 840 οἶμαι,
983 792 1149 841 θρηνῶν.
1204 793 1272 830 τὸν
1298 792 1338 830 δὲ
1365 791 1485 841 νόμον
1521 803 1585 838 113

152 874 219 907 μοι
243 856 329 909 λέγ’
356 856 514 909 ἐφεξῆς,
542 857 677 909 ὥσπερ
701 855 890 908 ἠρξάμην.
961 855 1070 908 λέγε.

737 954 893 982 ΝΟΜΟΣ.

206 1007 294 1044 Εάν
314 1023 368 1045 τις
388 1004 591 1054 Ἀθηναιων
617 1006 797 1055 λαμβάνῃ
823 1005 924 1054 παρά
949 1021 1057 1049 τινος,
1078 1004 1101 1054 ἦ
1123 1006 1230 1045 αὐτὸς
1257 1005 1377 1057 διδῷ“
1363 1006 1485 1056 ετέρῳ,

151 1060 174 1109 ἢ
196 1061 392 1110 διαφθείρῃ
418 1062 518 1100 τινὰς
542 1060 877 1111 ἐπαγγελλόμενος,
900 1060 958 1096 ἐπὶ
984 1060 1122 1109 βλάβῃ
1143 1077 1208 1097 του
1232 1059 1388 1109 δήμου
1370 1078 1393 1109 η
1414 1059 1486 1110 ἰδίᾳ

151 1116 248 1155 τινὸς
273 1118 344 1153 τῶν
373 1117 546 1158 πολιτῶν,
571 1114 695 1166 τρόπῳ
723 1113 746 1163 ἢ
775 1115 925 1165 μηχανῇ
954 1131 1124 1164 ῃτινιουν,
1147 1131 1275 1164 ατιμος
1299 1116 1396 1153 ἔστω
1425 1131 1485 1152 και

152 1169 276 1209 παῖδες
297 1170 357 1206 καὶ
377 1171 423 1206 τὰ
444 1169 591 1206 ἐκείνου.

220 1260 337 1299 Οὕτω
367 1259 499 1298 τοίνυν
528 1258 640 1300 οὗτός
668 1257 751 1297 ἐστ’
782 1258 937 1309 ἀσεβὴς
972 1258 1034 1298 καὶ
1065 1262 1203 1310 μιαρὸς
1235 1259 1298 1298 καὶ
1328 1261 1405 1299 πᾶν
1436 1258 1484 1299 ἂν
1520 1273 1584 1306 114

152 1327 331 1367 ὑποστὰς
361 1327 485 1366 εἰπεῖν
516 1326 580 1365 καὶ
609 1323 765 1376 πρᾶξαι,
793 1326 826 1365 εἰ
861 1325 893 1364 δ’
921 1325 1065 1375 ἀληθὲς
1094 1322 1117 1375 ἢ
1152 1328 1301 1377 ψεῦδος
1331 1323 1353 1375 ἢ
1388 1329 1484 1377 πρὸς

335 1389 350 1405 -λ

154 1393 298 1446 ἐχθρὸν
331 1410 354 1442 η
393 1393 517 1444 φίλον
555 1389 578 1441 ἢ
616 1393 665 1431 τὰ
697 1395 868 1437 τοιαῦτα,
896 1391 988 1432 ἀλλ’
1021 1391 1100 1432 οὐδ’
1131 1393 1260 1432 ὁτιοῦν
1292 1393 1482 1444 διορίζων,

153 1459 247 1499 ὥστ’
268 1459 599 1509 ἐπαιτιασάμενός
617 1476 665 1509 με
686 1459 810 1510 φόνου
831 1459 894 1498 καὶ
913 1462 1066 1498 τοιοῦτο
1086 1459 1234 1510 πρᾶγμ’
1256 1460 1482 1511 ἐπαγαγών,
1518 1460 1627 1514 [552]

154 1528 267 1567 εἴασε
297 1526 370 1577 μέν
402 1525 441 1576 μ’
476 1524 705 1576 εἰσιτητήρι’
734 1526 831 1576 ὑπὲρ
864 1528 932 1575 τῆς
961 1528 1114 1576 βουλῆς
1144 1528 1392 1577 ἱεροποιῆσαι
1423 1527 1485 1566 καὶ

153 1596 273 1633 θῦσαι
302 1593 364 1633 καὶ
395 1591 663 1643 κατάρξασθαι
689 1595 768 1631 τῶν
795 1594 906 1643 ἱερῶν
930 1592 1028 1643 ὑπὲρ
1059 1593 1165 1642 ὑμῶν
1197 1593 1259 1632 καὶ
1287 1593 1384 1642 ὅλης
1415 1595 1485 1642 τῆς

153 1661 322 1705 πόλεως,
351 1661 463 1700 εἴασε
488 1659 521 1699 δ’
546 1658 851 1711 ἀρχεθεωροῦντ’
877 1660 1043 1711 ἀγαγεῖν
1068 1663 1120 1713 τῷ
1149 1660 1216 1699 Διὶ
1241 1663 1294 1713 τῷ
1326 1661 1484 1714 Νεμείῳ
1519 1675 1581 1710 115

153 1727 224 1775 τὴν
251 1743 385 1776 κοινην
409 1727 506 1777 ὑπὲρ
531 1727 600 1775 τῆς
630 1725 786 1766 πόλεως
820 1727 999 1776 θεωρίαν,
1027 1729 1196 1777 περιεῖδε
1230 1728 1271 1766 δὲ
1300 1729 1385 1768 ταῖς
1415 1743 1482 1766 σε-

152 1796 267 1843 μναῖς
287 1794 423 1834 θεαῖςε
414 1791 610 1843 ιεροποιὸν
630 1791 820 1843 αιρεθεντ’
841 1789 888 1841 ἐξ
906 1791 1126 1842 Ἀθηναίων
1147 1792 1333 1833 ἁπάντων
1351 1794 1484 1845 τρίτον

116 1859 271 1906 [afn'ov
314 1876 376 1899 Καί,
419 1857 710 1910 ΚαΤαρξάμΕῑὈὶ)
746 1862 823 1898 Τῶν
862 1859 1120 1910 ιΕ[)ῶ1).ὰρ
1157 1877 1218 1905 (Ll’,
1257 1861 1294 1900 Εἴ
1326 1877 1352 1911 γ
1400 1859 1484 1912 Εἶχε

155 1926 328 1979 στιγμὴν
357 1922 380 1975 ἢ
407 1927 525 1965 σκιὰν
554 1925 703 1965 τούτων
734 1926 789 1964 ὧν
823 1926 1105 1976 κατεσκεύαζεν
1137 1926 1218 1966 κατ’
1245 1928 1351 1976 ἐμοῦ,
1379 1925 1484 1966 ταῦτ’

153 1993 201 2033 ἂν
228 1994 383 2038 εἵασεν;
422 1992 499 2044 ἐγὼ
524 1993 597 2042 μὲν
623 1992 691 2032 οὐκ
716 1991 836 2042 οἶμαι.
892 1992 1030 2032 οὐκοῦν
1051 1992 1308 2046 ἐξελέγχεται
1333 1993 1485 2034 τούτοις

156 2061 328 2112 ἐναργῶς
350 2060 465 2111 ὕβρει
487 2059 610 2108 ζητῶν
633 2058 674 2109 μ’
699 2058 916 2109 ἐκβάλλειν
943 2061 985 2100 ἐκ
1010 2062 1079 2109 τῆς
1104 2061 1301 2111 πατρίδος.

202 2179 214 2199 x
253 2168 382 2209 ὁμοίων]
412 2168 515 2205 νόμων
540 2168 563 2199 S
697 2179 716 2199 2
751 2171 876 2201 λοιποῖς
902 2169 970 2200 SY
987 2169 1035 2200 P:
1071 2171 1208 2201 πολλοῖς
1232 2168 1332 2208 vulg„
1357 2168 1399 2200 cf.
1424 2170 1483 2199 xix

158 2223 214 2243 101
339 2213 416 2251 ἡμῖν
431 2212 569 2251 Taylor
591 2212 631 2242 cs.
654 2215 690 2249 ξξ
712 2213 876 2251 138.143,
896 2223 982 2251 209:
1007 2213 1096 2250 ἡμῶν
1113 2213 1211 2243 codd.
1378 2223 1398 2251 3
1422 2214 1484 2251 τὴν

154 2256 230 2286 add.
249 2255 272 2286 S
289 2268 295 2286 :
319 2266 383 2287 om.
401 2257 487 2294 vulg.
579 2266 600 2294 9
622 2256 748 2287 ἀπείποι
767 2255 811 2286 S:
838 2270 918 2288 ειποι
935 2259 968 2293 <v
972 2256 1001 2285 el
1021 2257 1039 2288 ἃ
1055 2257 1154 2293 εἴποι)
1169 2261 1246 2287 cett
1341 2266 1381 2287 10
1403 2256 1482 2296 λέγε

154 2299 240 2338 vulg.
257 2311 264 2330 ε
289 2299 397 2340 λέγων
414 2299 437 2330 S
569 2309 605 2337 13
630 2300 649 2336 ἢ
668 2299 730 2340 ἰδίᾳ
746 2299 1012 2330 Westermann:
1037 2301 1088 2331 καὶ
1107 2300 1170 2341 ἰδίᾳ
1190 2299 1340 2330 Reiske:
1364 2313 1415 2332 και
1433 2303 1484 2332 δια

156 2343 179 2373 S
199 2343 288 2381 vulg.
417 2353 453 2381 17
478 2344 497 2380 ἢ
514 2340 586 2383 (εἰ)
604 2343 679 2383 πρὸς
697 2342 832 2373 Dobree
956 2353 999 2372 20
1023 2344 1225 2382 εἶσιτητήρια
1242 2343 1483 2374 Herwerden:

157 2387 314 2427 εἶσιτὴρια
344 2387 527 2425 (εισητήρια
556 2385 607 2416 S¹
639 2386 735 2417 codd.
909 2397 950 2416 22
984 2387 1233 2427 ἀρχεθεωροῦντ’
1263 2386 1363 2417 Blass
1393 2386 1482 2426 (coll.

156 2429 382 2460 Meister-hans
399 2429 457 2461 Gr.
476 2429 546 2460 Att.
569 2429 714 2467 Inschr.)
733 2440 740 2459 :
764 2430 1009 2471 ἀρχιθεωροῢντ’
1027 2430 1125 2460 codd.
1239 2430 1281 2460 28
1306 2430 1484 2466 ἐκβάλλειν

157 2473 181 2503 S
197 2472 324 2503 FYO:
353 2475 507 2509 ἐκβαλεῖν
524 2472 578 2513 al.,
599 2473 640 2503 cf.
661 2475 676 2510 ξ
700 2482 761 2512 109
