1737 2734
111 139 236 193 [690]

171 726 189 749 b.)

200 726 209 750 ›-

220 726 237 749 Ι)

169 1123 187 1147 ω

196 1123 207 1148 m

217 1124 235 1157 ke)

699 141 1185 179 ΔΗΜΟΣΘΕΝΟΎΣ
1476 137 1598 191 [xxm

272 244 493 297 νηνόχασιν
513 242 699 284 ἁπάντων
720 245 849 300 ἀρετῇ,
875 247 1009 296 χεῖρον
1034 245 1321 294 βουλευόμεθα,
1344 244 1435 285 ἀλλ’
1455 247 1515 285 ὅτι
1536 246 1599 285 καὶ

274 309 430 350 πάντων
463 310 693 361 ἀνθρώπων.
766 315 847 351 πῶς
882 312 956 362 γὰρ
988 310 1056 350 οὐκ
1086 310 1256 363 αἰσχρὸν
1287 310 1498 362 Αἰγινήτας
1526 314 1599 362 μὲν

273 377 467 421 τουτουσί,
486 379 611 426 νῆσον
632 378 831 418 οἰκοῦντας
851 378 952 416 οὕτω
973 378 1114 428 μικρὰν
1135 377 1196 416 καὶ
1217 377 1329 416 οὐδὲν
1347 377 1513 430 ἔχοντας
1533 378 1599 429 ἐφ’

272 442 300 497 ᾧ
326 442 428 494 μέγα
453 443 530 496 χρὴ
557 447 721 494 φρονεῖν
748 443 900 490 αὐτούς,
924 443 1095 493 Λάμπιν,
1125 443 1167 484 ὃς
1190 443 1360 494 μέγιστα
1385 443 1599 496 ναυκλήρια

273 509 453 559 κέκτηται
477 513 555 549 τῶν
580 508 801 559 εΕλλήνων,
826 511 887 550 καὶ
918 510 1204 550 κατεσκεύακεν
1227 509 1299 559 τὴν
1325 510 1444 550 πόλιν
1469 511 1599 552 αὐτοῖς
1620 531 1636 560 5

272 577 334 615 καὶ
359 576 404 615 τὸ
429 577 630 627 ἐμπόριον,
656 576 818 626 μηδέπω
857 578 917 616 καὶ
947 575 1116 627 τήμερον
1146 577 1312 626 πολίτην
1344 579 1597 626 πεποιῆσθαι,

271 643 376 682 ἀλλὰ
400 643 517 693 μόλις
536 645 604 692 τῆς
629 643 810 684 ἀτελείας
837 643 955 682 αὐτὸν
975 642 1181 693 ἠξιωκέναι
1205 645 1274 692 τῆς
1299 646 1367 682 τοῦ
1390 644 1598 693 μετοικίου·

272 710 334 749 καὶ
362 709 572 761 Μεγαρέας
602 711 784 749 τουτουσὶ
816 710 905 750 τοὺς
937 709 1174 760 καταράτους
1204 710 1325 750 οὕτως
1360 709 1401 749 εὖ
1434 712 1481 749 τὰ
1510 710 1599 761 παρ’

270 775 399 816 αὑτοῖς
433 776 642 826 σεμνύνειν
673 776 769 815 ὥσθ’
791 775 980 828 “Έρμωνα
1012 775 1081 815 τὸν
1117 775 1373 827 κυβερνήτην,
1400 776 1469 816 τὸν
1501 778 1600 827 μετὰ

269 842 500 894 Λυσάνδρου
531 843 716 893 λαβόντα
742 842 911 894 τριήρεις
943 844 1147 884 διακοσίας
1172 842 1227 881 ὅτ’
1257 844 1299 881 ἐν
1325 843 1446 894 Αἰγὸς
1478 859 1597 883 ποτα·
1624 863 1658 884 10

267 912 355 958 μοῖς
404 908 657 962 &uxrio-aptet*
708 909 832 959 ἡμεῖς,
879 909 1126 960 πεμψάντων
1169 910 1489 959 Λακεδαιμονίων
1537 910 1600 950 καὶ

270 977 510 1016 κελευόντων
554 975 802 1026 ποιήσασθαι
846 976 1014 1026 πολίτην
1059 976 1347 1025 ἀποκρίνασθαι
1388 976 1460 1021 ὅτι,
1504 977 1600 1016 ὅταν

268 1042 405 1084 αὐτοὺς
426 1044 540 1082 ἴδωσι
562 1042 813 1094 Σπαρτιάτην
836 1042 953 1082 αὐτὸν
975 1042 1276 1093 πεποιημένους,
1297 1042 1387 1082 τότε
1408 1043 1470 1082 καὶ
1490 1042 1599 1083 αὐτοὶ

271 1108 459 1161 Μεγαρέα
479 1109 727 1159 ποιήσονται·
771 1111 833 1149 καὶ
859 1109 1042 1160 Ὠρείτας
1064 1110 1248 1154 ἐκείνους,
1275 1108 1393 1160 μέρος
1411 1108 1599 1160 τέταρτον

271 1177 446 1226 Εὐβοίας
480 1178 694 1222 οἰκοῦντας,
724 1176 793 1216 τὸν
821 1177 1050 1228 Χαρίδημον
1083 1179 1222 1215 τοῦτον
1256 1176 1386 1221 αὐτόν,
1415 1174 1443 1230 ᾧ
1473 1175 1599 1227 μήτηρ
1624 1194 1657 1223 15

265 1245 338 1292 μὲν
370 1242 539 1296 ὑπάρχει
574 1247 730 1285 πολῖτις
758 1245 849 1289 ἐκεῖ,
880 1242 1006 1295 πατὴρ
1043 1241 1075 1283 δ’
1113 1242 1180 1282 οὐκ
1216 1244 1289 1295 ἐρῶ
1326 1243 1384 1284 τίς
1417 1239 1440 1292 ἢ
1477 1243 1599 1283 πόθεν

264 1309 391 1359 (οὐδὲν
427 1312 502 1362 γὰρ
540 1312 601 1351 δεῖ
637 1311 761 1350 πλείω
795 1313 873 1349 τῶν
908 1309 1132 1361 ἀναγκαίων
1166 1309 1283 1349 αὐτὸν
1319 1308 1596 1360 ἐξετάζεσθαι),

267 1377 358 1416 ἀλλ’
384 1378 500 1427 ὅμως,
529 1381 572 1416 τὸ
600 1377 724 1427 ἥμισυ
753 1380 822 1417 τοῦ
849 1375 986 1429 γένους
1012 1376 1129 1416 αὐτοῦ
1155 1376 1505 1427 συμβαλλομένου,
1531 1380 1600 1416 τοῦ

266 1444 429 1493 ἡμίσεος
454 1443 573 1498 μέχρι
600 1447 669 1494 τῆς
695 1442 863 1495 τήμερον
893 1442 1040 1495 ἡμέρας
1071 1443 1139 1483 οὐκ
1170 1442 1398 1493 ἠξιώκασιν,
1428 1443 1519 1484 ἀλλ’
1544 1445 1600 1485 εἰς

1308 1509 1353 1523 lx,

266 1511 355 1552 τοὺς
386 1511 525 1553 νόθους
561 1512 642 1551 ἐκεῖ
675 1514 872 1556 συντελεῖ,
903 1510 1077 1562 καθάπερ
1112 1510 1197 1549 ποτ’
1227 1511 1341 1550 ε’νθαο
1384 1511 1439 1552 εἷς
1474 1510 1597 1551 Κυνό-
1622 1529 1660 1551 20

267 1594 413 1629 σαργες
446 1580 482 1618 οἱ
516 1578 639 1618 νόθοι·
680 1576 789 1628 ὑμεῖς
821 1577 868 1622 δ’,
897 1574 926 1616 ὦ
962 1576 1099 1628 ἄνδρες
1125 1576 1340 1626 Ἀθηναῖοι,
1367 1576 1499 1627 πάσης
1530 1579 1599 1626 τῆς

268 1645 421 1686 πόλεως
459 1645 695 1694 μεταδόντες
734 1644 836 1698 αὐτῷ
876 1644 937 1683 καὶ
973 1644 1226 1694 τετιμηκότες
1259 1643 1413 1692 ἄλλοις,
1447 1644 1504 1684 ἔτι
1536 1645 1599 1683 καὶ

266 1710 367 1751 τοῦτ’
404 1711 505 1765 αὐτῷ
540 1710 814 1762 προσθήσετε;
857 1712 917 1750 ὅτι
950 1711 1005 1755 τί,·
1047 1711 1162 1751 ποίας
1196 1711 1347 1760 ἔλαβεν
1380 1714 1473 1752 ναῦς
1510 1709 1600 1761 ὑμῖν

266 1777 314 1817 δι’
335 1778 379 1819 ἃς
403 1778 479 1818 ὑπὸ
499 1781 576 1817 τῶν
603 1778 920 1818 ἀπολωλεκότων
945 1777 1266 1826 ἐπιβουλεύεται;
1303 1774 1325 1826 ἢ
1346 1779 1463 1817 ποίαν
1484 1777 1600 1817 πόλιν

266 1844 491 1896 παρέδωκεν
512 1844 770 1897 αἰχμάλωτον
790 1844 951 1894 λαβών;
988 1840 1010 1893 ἦ
1031 1843 1140 1884 τίνας
1162 1844 1359 1885 κινδύνους
1378 1843 1474 1895 ὑπὲρ
1493 1842 1600 1894 ὑμῶν
1622 1862 1658 1893 25

267 1912 576 1957 κεκινδύνευκεν;
626 1908 649 1961 ἦ
682 1912 791 1952 τίνας
824 1910 990 1963 ἐχθροὺς
1023 1910 1113 1951 τοὺς
1146 1909 1285 1950 αὐτοὺς
1318 1911 1406 1961 ὑμῖν
1439 1909 1598 1966 ᾗρηται;

267 1978 346 2018 οὐδ’
373 1978 420 2018 ἂν
447 1979 501 2019 εἷς
532 1979 656 2018 εἰπεῖν
684 1979 782 2030 ἔχοι.

1224 2043 1232 2056 1
1279 2042 1297 2056 G*
1335 2043 1349 2056 'l

337 2046 435 2097 Περὶ
461 2045 506 2094 δῖ]
536 2049 613 2085 τῶν
643 2045 774 2095 νόμων
803 2044 857 2084 ὧν
887 2043 1221 2096 παραγεγράμμεθ
1239 2076 1247 2090 ,
1274 2063 1303 2083 ω
1329 2044 1467 2094 ανδρες
1490 2046 1597 2083 δικα-

270 2113 373 2158 σταί,
397 2112 597 2163 βούλομαι
617 2114 734 2163 μικρὰ
754 2111 850 2163 πρὸς
869 2110 966 2161 ὑμᾶς
987 2111 1107 2150 εἰπὼν
1126 2110 1394 2160 καταβαίνειν,
1415 2110 1438 2150 ’ὰ
1458 2110 1600 2160 νομίζω

318 2232 357 2253 10
379 2222 562 2263 τριακοσίας
584 2221 608 2251 F
723 2231 759 2251 12
786 2225 859 2259 post
877 2220 1105 2261 ἀποκρίνασθαι
1123 2220 1199 2250 add.
1220 2220 1332 2251 αὐτοὺς
1350 2218 1402 2249 A:
1427 2221 1534 2251 αὐτοῖς
1554 2219 1600 2249 F:

269 2275 335 2296 om.
364 2265 386 2295 S
412 2266 451 2295 al.
692 2274 729 2304 ¹3
768 2265 819 2296 καὶ
844 2270 922 2294 ante
948 2265 1036 2295 αὐτοὶ
1062 2263 1137 2293 add.
1167 2263 1227 2293 FS
1255 2273 1361 2293 corn:
1402 2272 1468 2293 orn.
1496 2262 1530 2293 S·
1556 2263 1598 2293 aL

275 2310 312 2338 18
337 2310 434 2341 αὐτοῦ
453 2307 702 2347 συμβαλομένου
719 2308 743 2338 S
756 2307 784 2338 Y
802 2318 808 2338 τ
833 2309 918 2347 αὐτῷ
936 2306 1208 2346 συμβαλλομένου
1226 2305 1256 2336 Α
1365 2316 1406 2336 2ο
1430 2305 1599 2346 συντελεῖ]

271 2355 364 2384 τελεῖ
380 2352 549 2390 Harpocr.
571 2362 596 2381 s.
611 2362 641 2382 v.
660 2353 766 2383 νοθεΐα
887 2351 930 2380 26
953 2352 1026 2388 ὑμῖν
1041 2360 1106 2379 om.
1127 2350 1156 2379 A
1290 2358 1330 2386 27
1355 2349 1419 2381 οὐδ’
1437 2350 1475 2380 ἂν
1491 2347 1535 2381 εἷς
1554 2348 1579 2378 F
1595 2359 1601 2378 ε

271 2397 372 2428 οὐδεὶς
390 2397 428 2427 ἂν
446 2395 469 2425 S
487 2395 542 2433 aL,
564 2394 603 2425 cf.
624 2395 705 2424 xxiv
724 2404 743 2434 5
854 2394 896 2424 28
921 2393 977 2433 δὴ]
995 2392 1054 2432 μὲν
1071 2394 1109 2431 δὴ
1127 2393 1179 2423 A:
1205 2392 1239 2425 δὲ
1256 2392 1294 2431 δὴ
1314 2392 1339 2422 F
1443 2401 1485 2431 29
1508 2390 1603 2434 (ἔτ’)

272 2440 367 2470 εἰπὼν
385 2439 492 2469 Cobet
