1737 2734
88 888 126 909 10

80 1554 119 1576 20

151 163 255 217 xxm]
500 164 630 204 κη’
674 166 1130 205 ΑΝΔΡΟΤΙΩΝΟΣ

150 272 268 313 καλὸς
295 271 465 322 κάγαθὸς
490 271 605 312 οὗτος
629 272 673 312 οὐ
699 271 820 321 μόνον
838 269 932 325 ᾤετο
957 273 1039 310 δεῖν
1064 270 1199 322 λέγειν
1219 270 1282 310 καὶ
1308 269 1478 321 γράφειν

149 338 216 377 οὐκ
242 337 345 388 ἐξόν,
374 339 480 377 ἀλλὰ
508 339 570 377 καὶ
595 340 700 389 παρὰ
724 338 814 379 τοὺς
840 339 981 388 νόμους
1006 341 1127 377 ταῦτα
1152 340 1290 377 ποιεῖν.

218 405 316 456 Περὶ
339 407 411 455 μὲν
436 405 566 444 τοίνυν
586 408 653 444 τοῦ
677 405 798 454 νόμου
823 404 907 443 καθ’
928 405 986 449 ὅν,
1008 404 1241 456 ὠφληκότος
1266 403 1384 443 αὐτοῦ
1410 407 1477 442 τοῦ

149 470 294 522 πατρὸς
315 474 366 525 τῷ
386 472 563 525 δημοσίῳ
583 470 766 525 χρήματα
787 471 849 510 καὶ
867 471 935 510 οὐκ
955 471 1232 516 ἐκτετεικότος,
1256 470 1324 510 οὐκ
1345 469 1477 519 ἔξεστι

147 537 282 589 λέγειν
313 537 400 577 οὐδὲ
430 538 599 590 γράφειν
629 538 766 591 τούτῳ,
794 537 914 576 ταύτὰ
945 538 1075 577 δίκαια
1101 537 1238 589 λέγειν
1270 536 1319 576 ἂν
1351 536 1475 588 ἔχοιτ’

148 605 318 650 εἰκότως,
355 606 423 644 ἐὰν
461 606 517 660 φῇ
555 607 637 644 δεῖν
668 605 770 655 ἡμᾶς
803 605 1055 644 ἐνδεικνύναι.
1127 604 1216 644 τότε
1252 605 1326 655 γὰρ
1362 606 1475 643 τοῦτο

148 669 381 721 ποιήσομεν,
416 671 461 711 οὐ
495 673 549 721 μὲι
586 670 655 711 Δί’
691 671 778 724 οὐχὶ
811 674 893 716 νῦν,
926 671 1038 721 ἡνίκα
1073 673 1134 711 δεῖ
1168 669 1206 709 σ’
1241 670 1385 722 ἑτέρων
1421 671 1476 710 ὧν

147 737 293 779 ἀδικεῖς
318 740 452 778 δοῦναι
475 739 612 789 λόγον,
641 738 734 778 ἀλλ’
759 739 856 777 ὅταν
882 736 905 794 ᾗ
935 739 1137 789 προσῆκον
1167 739 1209 777 ἐκ
1240 741 1309 776 τοῦ
1340 737 1472 787 νόμου,

147 804 210 843 καὶ
245 808 312 845 νῦν
350 807 390 844 δὲ
428 806 629 855 δείκνυμεν
661 804 730 844 οὐκ
765 806 890 844 ἐῶντα
922 804 1093 856 γράφειν
1129 821 1189 850 σε,
1225 803 1304 843 οὐδ’
1337 804 1361 844 ἃ
1393 807 1475 844 τοῖς

145 870 286 912 ἄλλοις
311 870 457 921 ἔξεστι,
486 871 555 911 τὸν
581 872 715 922 νόμον.
789 871 840 912 ὡς
865 871 933 911 οὖν
962 871 1031 911 οὐκ
1057 868 1162 923 ὦφλ’
1187 872 1208 910 ὁ
1232 870 1361 922 πατήρ
1385 887 1472 915 σου,

145 937 247 977 τοῦτ’
273 938 482 988 ἐπίδειξον,
516 935 538 988 ἢ
571 938 621 980 ὡς
650 938 719 977 οὐκ
749 939 922 989 ἀποδρὰς
953 936 1119 988 ἐξῆλθεν
1149 939 1191 978 ἐκ
1221 941 1288 977 τοῦ
1318 940 1471 987 δεσμω-

144 1006 290 1055 τηρίου,
327 1006 433 1045 ἀλλὰ
466 1007 513 1044 τὰ
545 1004 714 1058 χρήματ’
747 1006 943 1046 ἐκτείσας.
1014 1006 1047 1045 εἰ
1080 1007 1123 1045 δὲ
1156 1004 1207 1055 μὴ
1239 1003 1346 1044 ταῦθ’
1373 1003 1473 1054 ἕξεις

144 1071 352 1118 δεικνύναι,
373 1072 443 1112 οὐκ
463 1070 552 1122 ἐξὸν
572 1071 790 1124 γέγραφας·
829 1072 1076 1124 κληρονόμον
1099 1071 1175 1123 γάρ
1196 1088 1244 1111 σε
1263 1071 1473 1121 καθίστησ’

143 1137 164 1176 ὁ
200 1138 321 1188 νόμος
355 1140 424 1188 τῆς
460 1139 614 1189 ἀτιμίας
649 1141 718 1188 τῆς
752 1142 821 1178 τοῦ
855 1140 1015 1190 πατρός,
1052 1141 1137 1179 ὄντι
1175 1138 1207 1178 δ’
1246 1138 1369 1192 ἀτίμῳ
1405 1155 1472 1178 σοι

141 1203 277 1255 λέγειν
301 1204 346 1244 οὐ
366 1207 565 1256 προσῆκεν
589 1205 678 1246 οὐδὲ
702 1205 885 1258 γράφειν.
947 1206 1009 1246 καὶ
1029 1206 1116 1257 περὶ
1140 1207 1213 1256 μὲν
1237 1209 1317 1244 τῶν
1342 1205 1472 1255 νόμων

142 1271 207 1313 οὓς
251 1271 603 1324 παρεγραψάμεθα,
648 1272 756 1323 οἶμαι
798 1275 879 1313 δεῖν
919 1274 1031 1324 ὑμᾶς,
1076 1272 1124 1312 ἄν
1165 1289 1203 1312 τι
1246 1272 1471 1324 φενακίζειν

140 1339 302 1395 ἐγχειρῇ
342 1338 404 1378 καὶ
442 1338 635 1391 παράγειν
674 1339 800 1385 οὗτος,
841 1339 950 1379 ταῦθ’
988 1338 1291 1390 ὑπολαμβάνειν
1330 1339 1353 1379 ἃ
1393 1342 1468 1379 διε-

140 1403 327 1454 ξελήλυθ’
353 1406 443 1457 ἐγώ.

209 1472 302 1512 Εἰσὶ
322 1474 363 1513 δὲ
384 1473 446 1512 καὶ
463 1474 551 1524 περὶ
570 1477 648 1514 τῶν
664 1473 799 1513 ἄλλων
815 1474 918 1528 αὐτῷ
938 1474 1054 1525 λόγοι
1074 1473 1170 1525 πρὸς
1185 1473 1230 1513 τὸ
1246 1473 1470 1524 φενακίζειν

138 1538 236 1588 ὑμᾶς
267 1539 308 1579 εὖ
336 1539 672 1593 μεμηχανημένοι,
699 1541 787 1593 περὶ
814 1542 869 1580 ὧν
897 1540 1065 1591 βέλτιον
1089 1541 1188 1591 ὑμᾶς
1212 1543 1469 1591 προακοῦσαι.

138 1606 250 1645 ἔστιν
275 1607 350 1658 γὰρ
375 1607 429 1648 εἶς
460 1607 562 1662 αὐτῷ
593 1611 780 1652 τοιοῦτος,
810 1607 862 1658 μὴ
892 1608 1178 1649 πεντακοσίους
1206 1607 1313 1658 ὑμῶν
1343 1607 1471 1646 αὐτῶν

139 1671 365 1724 ἀφελέσθαι
402 1672 473 1723 τὴν
510 1675 675 1725 δωρειὰν
710 1673 800 1724 μηδ’
838 1674 979 1714 ὀνείδει
1016 1677 1266 1725 περιβαλεῖψ
1310 1674 1470 1713 ἐκείνων

137 1739 257 1790 ἑιγών,
299 1739 367 1779 οὐκ
406 1741 510 1790 ἐμός.
583 1741 661 1792 ἐγὼ
700 1741 733 1780 δ’
770 1742 803 1781 εἰ
840 1743 913 1791 μὲν
951 1740 1131 1791 ἐμέλλετ’
1169 1739 1469 1793 ἀφαιρήσεσθαι

135 1806 296 1848 τούτους
326 1807 461 1856 μόνον,
490 1806 592 1846 ἄλλο
623 1810 665 1848 δὲ
694 1809 815 1857 μηδὲν
845 1807 1075 1860 ὠφελήσειν
1100 1807 1173 1857 τὴν
1198 1808 1328 1852 πόλιν,
1356 1806 1468 1847 οὐδὲν

135 1871 184 1911 ἂν
209 1873 306 1923 ὑμᾶς
333 1874 492 1925 σφόδρα
518 1873 754 1923 σπουδάζειν
774 1873 919 1924 ἠξίουν·
959 1875 992 1914 εἰ
1017 1876 1058 1914 δὲ
1083 1878 1135 1928 τῷ
1161 1878 1276 1914 τοῦτο
1301 1876 1466 1923 ποιῆσαι

136 1939 295 1980 πλείους
320 1936 343 1989 ἢ
368 1941 527 1990 μυρίους
551 1940 640 1982 τοὺς
665 1940 813 1982 ἄλλους
838 1941 1004 1982 πολίτας
1033 1942 1219 1992 βελτίους
1246 1940 1344 1980 εἶναι
1370 1957 1462 1992 προ-

133 2005 316 2057 τρέψετε,
348 2007 462 2060 πόσῳ
496 2007 662 2047 κάλλιον
691 2008 903 2049 τοσούτους
933 2007 1235 2059 παρασκευάσαι
1267 2007 1466 2060 χρηστοὺς

177 2124 196 2153 3
227 2114 287 2154 μὲν
312 2125 377 2146 om.
403 2116 433 2146 A
602 2127 620 2155 5
653 2119 756 2149 ταύτὰ
780 2118 830 2147 ΛΖ
863 2121 967 2149 ταῦτα
993 2118 1016 2148 S
1032 2118 1055 2147 L
1080 2117 1171 2157 vulg.
1333 2118 1355 2147 6
1386 2119 1463 2156 ὑμᾶς

133 2156 157 2187 S
172 2156 211 2187 L¹
225 2158 290 2188 FY
304 2159 334 2189 O
425 2161 522 2191 αὐτὸν
540 2166 614 2199 post
632 2161 713 2200 ἡμᾶς
730 2162 806 2191 add.
820 2162 924 2200 vulg:
948 2172 1012 2192 om.
1028 2162 1050 2192 S
1067 2162 1102 2191 L*
1193 2160 1269 2192 τότε
1286 2161 1348 2201 ’γὰρ
1365 2163 1462 2191 τοῦτο

134 2201 157 2230 S
172 2201 197 2230 L
214 2202 272 2241 (cs.
285 2202 391 2233 schol.
406 2213 434 2241 p.
451 2205 525 2241 690,
542 2206 575 2240 4‘1
594 2214 601 2233 t
624 2203 702 2236 τότε
718 2205 781 2246 ’γὰρ
799 2204 827 2234 Α
842 2205 885 2234 F:
911 2204 1009 2236 τοῦτό
1025 2218 1061 2236 τε
1077 2205 1140 2245 γὰρ
1158 2204 1257 2235 Blass
1274 2204 1348 2234 coll.
1368 2207 1382 2240 ξ
1398 2213 1438 2242 23
1455 2215 1461 2232 :

131 2245 192 2274 sed
217 2245 257 2275 cf.
277 2245 354 2277 τότε
380 2247 436 2275 xiv
460 2257 509 2285 13.
528 2247 586 2276 xix
608 2257 669 2285 224
834 2258 855 2285 9
887 2247 921 2280 δὲ
946 2254 1025 2278 ante
1050 2250 1215 2285 δείκνυμεν
1240 2247 1351 2285 x-u1g.:
1385 2252 1461 2286 post

132 2289 298 2327 δείκνυμεν
316 2289 339 2318 S
354 2289 378 2318 L
395 2300 402 2318 :
426 2300 491 2320 om.
514 2289 608 2320 Blass
625 2290 699 2320 coll.
723 2294 736 2327 ξ
757 2301 798 2330 23
907 2301 940 2321 11
969 2293 1102 2331 ἐξῆλθεν
1119 2290 1143 2321 S
1156 2291 1182 2320 L
1199 2291 1285 2329 vulg.
1302 2296 1335 2321 et
1353 2290 1457 2320 schol.

131 2340 162 2368 p-
188 2332 262 2369 690,
294 2342 354 2362 12:
387 2333 495 2372 ᾤχετο
520 2334 561 2368 Α,
587 2334 625 2363 cf.
659 2338 672 2370 ξ
698 2335 740 2363 68
907 2345 942 2372 14
973 2337 1030 2371 τῆς
1055 2336 1113 2365 τοῦ
1136 2335 1253 2375 πατρὸς
1278 2334 1402 2372 ἀτιμίας
1427 2332 1458 2362 Α

134 2382 169 2411 17
197 2375 343 2417 ἐπιχειρῇ
360 2375 391 2404 Α
569 2386 609 2405 22
634 2376 799 2416 ἀφέλησθε
816 2376 848 2407 Α
859 2377 883 2408 S
900 2391 951 2418 γρ.
972 2377 997 2407 F
1014 2387 1099 2408 corr.
1238 2377 1343 2415 ὀνείδη
1362 2376 1385 2407 S
1402 2389 1452 2417 γρ.

129 2417 329 2456 περιβάλητε
349 2418 372 2448 S
388 2431 439 2459 -γρ,
462 2419 486 2449 F
503 2429 588 2451 corr.

1511 165 1630 219 [603]

1503 1136 1624 1189 [604]
