1737 2734
98 884 134 905 10

97 1551 135 1572 20

94 2217 134 2248 30

156 159 243 213 xm]
578 163 739 200 ΚΑΤΑ
789 163 1062 201 ΜΕΙΔΙΟΎ

154 271 308 320 πρῶτον
345 269 418 318 μὲν
459 268 682 308 διακοσίους
716 267 778 307 καὶ
816 267 971 320 χιλίους
1007 265 1248 316 πεποιήκατε
1282 270 1486 308 συντελεῖς

154 336 274 384 ὑμεῖς,
302 333 391 385 παρ’
417 335 472 374 ὧν
498 334 825 386 εἰσπραττόμενοι
849 333 1045 373 τάλαντον
1069 332 1267 373 ταλάντου
1294 335 1485 383 μισθοῦσι

154 403 222 443 τὰς
247 401 500 454 τριηραρχίας
524 401 643 446 οὗτοι,
672 400 756 441 εἶτα
782 400 1015 452 πληρώμαθ’
1042 399 1063 450 ἡ
1089 400 1206 441 πόλις
1231 398 1396 453 παρέχει
1424 401 1485 440 καὶ

156 468 274 517 σκεύη
312 468 489 513 δίδωσιν,
524 467 621 506 ὥστ’
660 467 788 507 αὐτῶν
831 467 950 508 ἐνίοις
987 472 1035 523 τῇ
1073 467 1241 520 ἀληθείᾳ
1282 466 1326 506 τὸ
1363 469 1485 517 μηδὲν

155 536 363 574 ἀναλῶσαι
397 535 460 574 καὶ
490 536 620 574 δοκεῖν
648 532 1011 590 λελῃτουργηκέναι
1047 533 1109 573 καὶ
1137 537 1215 573 τῶν
1246 533 1383 573 ἄλλων
1411 539 1482 589 λῃ-

154 604 345 653 τουργιῶν
364 601 520 643 ἀτελεῖς
545 603 786 653 γεγενῆσθαι
804 601 1019 651 περίεστιν.
1070 601 1177 640 ἀλλὰ
1201 599 1278 650 μὴν
1303 601 1345 640 τί
1359 599 1483 647 ἄλλο,·

154 670 370 722 τραγῳδοῖς
392 667 634 722 κεχορήγηκέ
660 667 749 708 ποθ’
769 667 894 712 οὗτος,
916 668 994 719 ἐγὼ
1018 666 1052 707 δ’
1073 667 1260 717 αὐληταῖς
1280 666 1484 718 ἀνδράσιν.

157 735 218 774 καὶ
249 735 310 774 ὅτι
342 738 456 774 τοῦτο
494 734 695 785 τάνάλωμ’
729 734 879 784 ἐκείνης
917 737 987 784 τῆς
1026 732 1202 783 δαπάνης
1240 733 1364 774 πλέον
1396 734 1486 774 ἐστὶ

155 805 308 856 πολλῷ,
327 801 453 843 οὐδεὶς
473 801 611 853 ἀγνοεῖ
628 801 766 851 δήπου.
828 801 935 853 κάγὼ
951 802 1023 851 μὲν
1043 799 1255 850 ἐθελοντὴς
1274 803 1355 846 νῦν,
1374 800 1486 842 οὗτος

155 870 197 909 δὲ
228 870 427 909 καταστὰς
453 865 501 917 ἐξ
531 868 772 909 ἀντιδόσεως
795 868 898 913 τότε,
925 867 970 907 οὗ
999 866 1117 920 χάριν
1146 866 1330 917 οὐδεμίαν
1361 866 1486 917 δήπου

155 936 312 977 δικαίως
336 934 385 974 ἄν
409 951 467 976 τις
492 934 591 988 ἔχοι.
661 935 703 974 τί
728 934 804 980 ἕτι;
843 935 1024 973 εἱστίακα
1055 933 1126 983 τὴν
1155 932 1288 986 φυλὴν
1313 933 1391 985 ἐγὼ
1423 933 1486 974 καὶ

156 1002 449 1051 Παναθηναίοις
477 1000 737 1054 κεχορήγηκα,
765 1001 878 1042 οὗτος
902 1000 934 1040 δ’
955 999 1151 1051 οὐδέτερα.
1206 1000 1364 1052 ἡγεμὼν
1385 1017 1483 1051 συμ-

155 1069 294 1119 μορίας
331 1069 422 1118 ὑμῖν
463 1068 656 1120 ἐγενόμην
695 1068 773 1120 ἐγὼ
806 1067 872 1118 ἔτη
907 1066 1013 1112 δέκα,
1048 1069 1139 1107 ἴσον
1183 1067 1386 1119 Φορμίωνι
1423 1067 1486 1106 καὶ

156 1135 370 1191 Λυσιθείδῃ
398 1135 460 1174 καὶ
495 1135 768 1189 Καλλαίσχρῳ
795 1134 857 1174 καὶ
881 1138 964 1176 τοῖς
989 1132 1316 1179 πλουσιωτάτοις,
1343 1133 1483 1185 εἰσφέ-

155 1218 232 1252 ρων
262 1201 332 1242 οὐκ
366 1201 437 1253 ἀφ’
470 1201 728 1254 ὑπαρχούσης
760 1200 898 1242 οὐσίας
929 1199 1019 1250 (ὑπὸ
1051 1202 1126 1253 γὰρ
1151 1204 1230 1240 τῶν
1263 1200 1485 1252 ἐπιτρόπων

156 1266 461 1320 ἀπεστερήμην),
483 1268 575 1308 ἀλλ’
594 1268 673 1308 ἀπὸ
691 1270 761 1318 τῆς
780 1266 894 1318 δόξης
913 1268 968 1307 ὧν
993 1268 1014 1306 ὁ
1033 1266 1161 1318 πατήρ
1186 1283 1253 1317 μοι
1274 1267 1485 1307 κατέλιπεν

158 1335 219 1375 καὶ
243 1335 299 1376 ὧν
327 1336 479 1375 δίκαιον
504 1334 551 1385 ἦν
580 1351 629 1386 με
659 1333 949 1385 δοκιμασθέντα
975 1334 1229 1385 κομίσασθαι.
1305 1335 1384 1386 ἐγὼ
1412 1336 1485 1384 μὲν

156 1402 224 1442 οὖν
261 1403 383 1443 οὕτως
419 1403 508 1452 ὑμῖν
545 1400 878 1454 προσενήνεγμαι,
910 1401 1077 1442 Μειδίας
1113 1402 1155 1440 δὲ
1191 1404 1292 1447 πῶς;
1331 1400 1483 1441 οὐδέπω

157 1468 219 1508 καὶ
244 1467 414 1520 τήμερον
439 1469 658 1520 συμμορίας
681 1468 840 1520 ἡγεμὼν
865 1466 1043 1519 γέγονεν,
1066 1467 1181 1507 οὐδὲν
1199 1471 1277 1507 τῶν
1297 1465 1483 1521 πατρῴων

155 1536 442 1587 ἀποστερηθεὶς
474 1535 538 1574 ὑπ’
565 1535 735 1580 οὐδενός,
764 1535 871 1574 ἀλλὰ
904 1535 1009 1585 παρὰ
1040 1537 1108 1573 τοῦ
1147 1533 1293 1585 πατρὸς
1326 1534 1483 1584 πολλὴν

155 1601 294 1642 οὐσίαν
320 1602 582 1654 παραλαβών.
655 1603 714 1643 τίς
739 1601 807 1641 οὖν
832 1601 854 1651 ἡ
886 1601 1130 1651 λαμπρότης,
1157 1597 1180 1650 ἢ
1210 1601 1316 1642 τίνες
1341 1602 1379 1640 αἱ
1410 1606 1481 1656 λῃ-

154 1670 331 1722 τουργίαι
356 1669 418 1709 καὶ
443 1670 491 1708 τὰ
517 1668 630 1719 σέμν’
656 1668 898 1718 ἀναλώματα
922 1667 1078 1713 τούτου,·
1117 1668 1194 1719 ἐγὼ
1218 1669 1290 1717 μὲν
1315 1669 1390 1719 γὰρ
1409 1668 1483 1720 οὐχ

155 1736 244 1787 ὁρῶ,
272 1735 379 1786 πλὴν
409 1737 442 1776 εἰ
472 1734 594 1775 ταῦτά
624 1751 682 1776 τις
714 1737 864 1786 θεωρεῖ·
903 1735 1029 1774 οἰκίαν
1062 1733 1307 1788 ᾠκοδόμηκεν
1342 1733 1480 1774 Ἐλευ-

155 1806 237 1843 σῖνι
266 1802 466 1852 τοσαύτην
490 1803 594 1842 ὥστε
619 1804 743 1842 πᾶσιν
769 1803 994 1842 ἐπισκοτεῖν
1019 1804 1101 1842 τοῖς
1127 1803 1169 1840 ἐν
1193 1801 1246 1854 τῷ
1278 1800 1400 1854 τόπῳ,
1420 1801 1482 1840 καὶ

116 1885 130 1915 ξ
155 1870 209 1911 εἰς
237 1868 436 1921 μυστήρια
468 1868 540 1919 τὴν
573 1867 722 1920 γυναῖκ’
755 1867 855 1920 ἄγει,
883 1867 955 1907 κᾶν
988 1866 1144 1907 ἄλλοσέ
1172 1884 1240 1907 ποι
1269 1867 1479 1917 βούληται,

155 1936 217 1976 ἐπὶ
243 1940 311 1976 τοῦ
334 1939 475 1976 λευκοῦ
505 1935 662 1988 ζεύγους
686 1938 754 1974 τοῦ
781 1936 823 1975 ἐκ
853 1937 1061 1980 Σικυῶνος,
1089 1934 1152 1974 καὶ
1181 1937 1286 1985 τρεῖς
1312 1934 1479 1973 ἀκολού-

154 2005 243 2045 θους
273 2000 296 2053 ἢ
326 2002 513 2054 τέτταρας
539 2002 653 2044 αὐτὸς
678 2001 782 2054 ἔχων
811 2003 874 2041 διὰ
903 2003 972 2051 τῆς
998 2001 1145 2052 ἀγορᾶς
1171 2003 1305 2050 σοβεῖ,
1334 2001 1482 2049 κυμβία

155 2070 216 2110 καὶ
243 2070 340 2122 ῥυτὰ
367 2069 428 2110 καὶ
458 2069 607 2121 φιάλας
637 2067 839 2119 ὀνομάζων
868 2068 990 2109 οὕτως
1015 2069 1120 2108 ὥστε
1149 2066 1240 2108 τοὺς
1268 2067 1481 2117 παριόντας

154 2137 322 2177 ἀκούειν.
394 2137 471 2188 ἐγὼ
501 2136 534 2176 δ’
560 2137 637 2176 ὅσα
665 2137 737 2186 μὲν
761 2138 830 2185 τῆς
856 2135 955 2176 ἰδίας
979 2137 1129 2186 τρυφῆς
1153 2134 1284 2174 εἵνεκα
1315 2133 1482 2175 Μειδίας

155 2205 216 2244 καὶ
254 2204 483 2255 περιουσίας
517 2205 668 2249 κτᾶται,
701 2203 767 2243 οὐκ
801 2201 874 2242 οἶδ’
911 2202 933 2241 ὅ
965 2218 1003 2241 τι
1041 2201 1130 2243 τοὺς
1165 2200 1341 2243 πολλοὺς
1374 2201 1481 2252 ὑμῶν

195 2315 217 2344 6
240 2315 367 2346 ἀτελεῖς
385 2313 408 2343 S
421 2313 452 2343 A
464 2313 494 2343 Y
509 2313 534 2343 P
549 2324 555 2343 :
580 2312 713 2344 ἀτελέσι
729 2311 818 2351 vulg.
916 2322 954 2342 10
978 2314 1061 2352 αὐτῷ
1079 2316 1157 2342 ante
1175 2311 1274 2349 δήπου
1291 2312 1369 2343 add.
1390 2312 1419 2342 Y
1433 2312 1458 2342 P
1474 2323 1481 2342 z

153 2361 230 2396 post
246 2358 347 2395 δήπου
363 2357 395 2387 Α
410 2357 453 2387 F:
479 2367 543 2388 om.
565 2356 588 2387 S
607 2356 698 2387 solus
845 2366 882 2385 21
912 2358 1003 2387 ἐστιν
1021 2360 1097 2394 post
1115 2356 1170 2387 οὖν
1186 2355 1261 2386 add.
1279 2355 1303 2385 S
1321 2355 1363 2386 al.
1380 2368 1385 2387 :
1412 2366 1476 2386 om.

155 2401 179 2430 F
195 2401 300 2431 schol.
321 2411 353 2440 p.
372 2402 448 2440 629,
467 2411 508 2432 22
686 2410 727 2430 22
751 2399 793 2431 τὰ
808 2404 886 2430 ante
904 2399 1021 2431 τούτου
1037 2399 1111 2430 add.
1130 2399 1180 2429 A:
1206 2408 1272 2429 om.
1294 2399 1317 2429 S
1331 2399 1356 2429 F
1368 2399 1397 2429 Y
1409 2399 1439 2430 O
1455 2399 1481 2429 P

151 2446 214 2485 γὰρ
229 2454 295 2475 om.
314 2445 346 2474 A

1308 2497 1347 2529 7*

1517 161 1633 216 [⁵64]

1518 399 1628 453 [⁵65]

1520 606 1584 650 156

1521 1014 1583 1051 157

1518 1604 1582 1648 158

1513 2114 1631 2170 [566]

1515 2180 1581 2217 159
