1737 2734
102 139 219 194 [wff

175 450 220 484 66

177 1112 220 1146 68

178 1714 222 1755 Q

116 1773 222 1827 hm]

652 135 1169 191 [AMMOEQENOTQ
1475 136 1569 189 hm

252 245 298 295 νὴ
323 245 391 285 τὸν
418 247 495 285 Διά
527 244 590 284 καὶ
619 245 729 285 θεοὺς
759 245 875 283 τοῦτό
902 261 960 296 γε.
1033 246 1066 285 εἶ
1097 247 1169 295 μὲν
1199 246 1274 296 γὰρ
1304 246 1435 286 εὔνους
1464 246 1575 286 ἐστὶν

252 313 416 353 ἐκείνοις
433 313 493 351 καὶ
509 311 578 351 τὸν
595 313 663 360 τῆς
679 311 840 363 φύσεως
860 309 1042 365 διασῴζει
1060 312 1194 361 νόμον,
1212 311 1255 353 ὃς
1275 312 1337 351 καὶ
1357 312 1576 363 ἀνθρώποις

252 379 314 418 καὶ
347 379 493 429 θηρίοις
523 378 578 419 εἷς
609 378 671 417 καὶ
704 378 724 416 ὁ
755 377 869 418 αὐτὸς
898 377 1048 417 ἅπασιν
1077 379 1252 429 ὥρισται,
1280 376 1462 429 στέργειν
1485 378 1576 419 τοὺς

252 444 405 496 γονέας,
439 445 626 486 κακόνους
663 444 750 483 ἐστὶ
786 447 868 485 τοῖς
905 445 1076 486 ἐκείνους
1113 445 1418 484 ἀπολωλεκόσιν
1453 446 1576 493 δῆλον

251 512 311 550 ὅτι
337 511 399 550 καὶ
424 510 558 561 νόμοις
585 511 646 550 καὶ
666 511 847 563 πολιτείᾳ
865 516 913 566 τῇ
932 511 1092 550 τούτων·
1131 512 1164 550 εἰ
1189 513 1229 550 δὲ
1254 510 1402 561 μηδένα
1426 511 1576 550 τούτων
1596 531 1614 562 5

252 577 453 628 ὑπόλογον
482 580 664 621 ποιεῖται,
693 576 816 627 ἡδέως
849 576 897 616 ἂν
927 578 1070 626 εἰδείην
1099 577 1156 619 τίς
1189 578 1299 616 ἐστιν
1330 577 1350 616 ὁ
1379 576 1451 626 τὴν
1479 576 1577 628 πρὸς

252 643 342 684 τοὺς
367 642 505 695 γονέας
536 643 690 683 εὔνοιαν
715 644 816 694 ὁρῶν
839 644 1111 694 προδεδωκότα
1140 647 1290 689 τοῦτον,
1317 642 1365 692 ἣν
1388 643 1484 693 πρὸς
1509 643 1577 683 τὸν

253 712 376 760 δῆμον
396 714 464 750 νῦν
481 710 588 762 ἔχειν
605 711 870 761 ὑπισχνεῖται,
892 710 1099 749 πιστεύων·
1134 710 1213 760 ἐγὼ
1231 711 1393 760 μὲνγὰρ
1411 709 1578 749 ὄπιστον

254 777 316 816 καὶ
341 779 443 818 θεοῖς
470 777 625 829 ἐχθρόν,
647 776 690 815 οὐ
714 777 836 826 μόνον
862 777 1094 827 ἀνθρώποις,
1116 775 1390 825 ὑπολαμβάνω
1415 779 1483 815 τὸν
1502 779 1578 816 τῶν

253 842 402 895 γονέων
431 844 663 893 ἀμελοῦντα.
751 843 856 882 ἀλλὰ
887 843 932 892 νὴ
966 842 1031 882 Δί’
1062 844 1121 882 ὅτι
1151 845 1219 883 τὰς
1250 841 1432 892 ἐνδείξεις
1461 841 1579 881 αὐτοῦ

255 911 605 961 κατεψηφίσασθε,
634 909 695 948 καὶ
726 909 782 950 δὶς
813 911 867 950 εἷς
896 909 941 948 τὸ
970 908 1238 959 δεσμωτήριον
1269 908 1482 948 κατέθεσθε
1516 910 1578 948 καὶ

254 976 371 1016 αὑτὸν
399 977 460 1016 καὶ
485 979 553 1016 τὸν
578 976 769 1028 ἀδελφόν,
797 978 858 1015 διὰ
883 975 991 1016 ταῦθ’
1017 977 1108 1026 ὑμῖν
1133 976 1266 1016 εὔνους
1291 977 1416 1015 ἐστίν.
1473 976 1579 1014 ἀλλὰ

255 1043 317 1083 καὶ
342 1042 444 1083 τοῦτ’
469 1042 629 1082 ἄτοπον.
701 1042 792 1082 ἀλλ’
822 1044 882 1082 ὅτι
911 1042 982 1092 τὴν
1011 1042 1138 1094 ἀρχὴν
1162 1041 1210 1091 ἣν
1237 1043 1383 1094 ἔλαχεν
1407 1038 1579 1093 <ἄρχειν>

254 1109 568 1160 ἀπεδοκιμάσατε
577 1126 588 1155 ;
627 1109 717 1149 ἀλλ’
737 1111 797 1149 ὅτι
821 1110 1058 1160 παρανόμων
1077 1109 1194 1148 αὐτοῦ
1214 1108 1431 1160 κατέγνωτε
1440 1125 1451 1154 ,·
1489 1107 1579 1148 ἀλλ’

253 1177 312 1215 ὅτι
349 1175 465 1216 πέντε
502 1176 708 1216 ταλάντων
746 1176 841 1227 πρὸς
882 1174 1113 1226 ἐτιμήσατε;
1164 1175 1256 1215 ἀλλ’
1294 1176 1352 1214 ὅτι
1391 1178 1577 1215 δακτυλο-

253 1242 430 1282 δεικτεῖτ’
450 1243 514 1283 ἐπὶ
538 1246 590 1296 τῷ
617 1244 886 1293 πονηρότατον
905 1247 983 1283 τῶν
1009 1244 1133 1282 ὄντων
1159 1241 1343 1282 ἁπάντων
1365 1242 1576 1287 δεικνύναι;

253 1309 345 1349 ἀλλ’
365 1311 424 1348 ὅτι
443 1313 521 1349 τῶν
540 1310 799 1362 ὑπαρχόντων
824 1310 955 1360 νόμων
981 1310 1043 1348 καὶ
1063 1310 1265 1350 πολιτείας
1289 1309 1487 1359 μενόντων
1513 1308 1579 1348 οὐκ

253 1378 312 1416 ἔνι
343 1380 420 1415 τῶν
450 1377 629 1428 αἰσχρῶν
663 1375 764 1430 αὐτῷ
793 1376 941 1416 τούτων
972 1377 1273 1427 ἀπαλλαγῆναι;
1313 1377 1419 1415 ἀλλὰ
1452 1376 1514 1414 διὰ
1543 1377 1583 1414 τί

253 1444 342 1492 ὑμῖν
369 1443 480 1484 οὗτος
510 1443 642 1483 εὔνους
672 1443 800 1488 ἐστίν;
839 1444 912 1489 ὅτι,
940 1444 1079 1494 φησίν,
1107 1441 1268 1491 ἀναιδής
1302 1443 1426 1482 ἐστιν.
1497 1442 1517 1480 ὁ
1547 1441 1579 1481 δ’

253 1509 412 1558 ἀναιδὴς
439 1510 479 1548 ἐκ
504 1509 609 1550 τίνος
634 1508 847 1559 ὠνομάσθη
873 1513 951 1549 τῶν
976 1510 1112 1549 ἄλλων
1138 1509 1229 1549 ἀλλ’
1254 1506 1277 1558 ἢ
1302 1510 1396 1548 ὅταν
1420 1509 1468 1548 τὰ
1492 1507 1581 1558 μήτ’

253 1577 347 1616 ὄντα
367 1574 455 1625 μήτ’
471 1576 518 1616 ἂν
538 1577 745 1627 γενόμενα,
767 1580 887 1616 ταῦτα
912 1581 1040 1631 τολμᾷ
1058 1575 1192 1628 λέγειν
1212 1575 1260 1616 δι’
1282 1575 1580 1628 ἀναισχυντίαν,

253 1643 348 1693 ὅπερ
374 1642 485 1683 οὗτος
510 1646 632 1688 ποιεῖ;

320 1708 518 1760 ἹΙγοῧμαι
543 1711 674 1749 τοίνυν
701 1711 761 1750 καὶ
788 1711 876 1762 περὶ
902 1712 970 1759 τῆς
998 1708 1214 1759 ἐνδείξεως,
1243 1708 1267 1748 ἅ
1299 1726 1366 1759 μοι
1391 1709 1578 1760 παραλεί-

258 1792 343 1815 πειν
370 1774 479 1824 ἔδοξε
501 1779 739 1828 Λυκοῦργος,
767 1777 932 1827 [Βέλτιον
953 1776 1052 1816 εἶναι
1073 1777 1168 1827 πρὸς
1189 1778 1285 1826 ὑμᾶς
1307 1777 1443 1815 εἰπεῖν.
1503 1776 1581 1826 ἐγὼ

302 1895 313 1914 1
347 1885 468 1917 πάντας
493 1892 571 1916 ante
597 1888 684 1918 θεοὺς
709 1887 784 1916 add.
807 1887 849 1918 F:
884 1897 948 1918 orn.
970 1886 1075 1916 SYO
1098 1886 1176 1925 Pap.
1341 1896 1359 1915 2
1391 1885 1505 1926 θηρίοις
1531 1886 1581 1916 καὶ

256 1930 425 1969 ἀνθρώποις
442 1929 472 1958 Α
606 1940 624 1967 3
649 1931 788 1960 alterum
807 1932 857 1962 καὶ
876 1941 940 1961 om.
959 1931 989 1960 A
1004 1930 1027 1960 F
1156 1940 1174 1967 5
1198 1929 1318 1968 μηδένα
1335 1929 1432 1959 codd.
1451 1940 1455 1958 :
1482 1927 1582 1967 μηδὲν

257 1971 435 2002 Heindorf
519 1975 539 2002 6
564 1974 726 2014 ὑπόλογον
745 1974 767 2003 S
786 1975 873 2012 vulg.
897 1974 975 2013 Pap.
997 1985 1003 2003 :
1027 1974 1130 2013 λόγον
1148 1973 1177 2002 Α
1273 1983 1289 2011 7
1316 1975 1395 2008 ὁρῶν
1411 1974 1534 2003 εὔνοιαν
1551 1971 1581 2000 Α

255 2016 308 2055 ἣν]
329 2014 349 2057 ᾗ
367 2016 440 2045 coni
473 2016 597 2047 Reiske
687 2019 707 2046 8
733 2019 947 2056 ὑπισχνεῖται,
970 2018 1058 2057 ἔχειν
1075 2017 1160 2046 coni.
1176 2015 1266 2046 Weil
1357 2017 1421 2054 8-9
1446 2016 1582 2047 ἄπιστον

290 2083 294 2087 .
317 2083 322 2088 .
342 2060 455 2098 ἐχθρόν
473 2060 558 2098 vulg.
581 2072 587 2090 t
616 2061 783 2091 ἀπιστων.
806 2084 811 2089 .
835 2084 840 2089 .
864 2064 986 2100 εχθρῶν
1004 2060 1027 2089 S
1047 2070 1129 2090 corr.
1148 2072 1154 2090 :
1185 2073 1222 2091 αυ
1238 2073 1303 2090 των
1319 2083 1326 2089 .
1348 2083 1352 2088 .
1376 2082 1381 2088 .
1405 2062 1501 2099 εχθρο
1519 2055 1580 2088 8¹:

257 2103 382 2134 ἀπιστῶ
400 2127 407 2133 .
427 2127 432 2133 .
452 2127 457 2132 .
478 2105 593 2144 ἐχθρὸν
610 2104 639 2132 Α
658 2109 691 2134 et
710 2104 741 2133 in
761 2114 823 2133 ras.
844 2104 868 2133 P
886 2114 972 2134 corr.
1111 2113 1148 2141 13
1172 2105 1283 2142 ἄρχειν
1301 2103 1374 2132 add.
1395 2101 1484 2131 Weil
1503 2101 1578 2132 coll.

260 2149 273 2181 ξ
292 2155 345 2183 30,
369 2146 530 2176 Dinarch.
549 2148 569 2176 ii
592 2157 628 2177 10
779 2157 815 2184 14
841 2148 1067 2187 κατεγνώκατε
1086 2146 1115 2176 Α
1129 2147 1201 2176 ΥΟ
1362 2147 1399 2175 16
1423 2144 1580 2176 δεικνύναι

257 2189 379 2219 codd:
419 2190 496 2221 εἶναι
531 2190 663 2220 Dobree
695 2190 830 2228 (⁴65uw.
867 2191 1009 2229 margini
1042 2190 1261 2229 adscriptum.
1291 2189 1331 2219 ad
1366 2188 1578 2218 indicandum

256 2232 436 2263 lectionem
461 2236 757 2265 δακτυλοδεικνεῖτε
785 2234 831 2269 (Α
846 2234 891 2269 Κ).
911 2235 983 2263 voci
1010 2234 1086 2265 εἶναι
1112 2233 1198 2263 male
1222 2232 1463 2271 agglutinatum
1488 2231 1575 2269 θεῖ’)

260 2277 297 2306 18
322 2277 550 2316 ἀπαλλαγῆναι
569 2276 592 2306 S
609 2277 650 2308 al.
667 2288 672 2307 ε
699 2278 877 2318 ἀπαλλαγὴ
896 2277 960 2307 FY
974 2277 1016 2309 O.
1036 2277 1075 2307 cf.
1095 2278 1125 2306 vi
1143 2287 1184 2315 25
1339 2286 1377 2314 19
1401 2277 1471 2313 ὑμῖν
1487 2273 1580 2305 οὗτος

257 2322 362 2351 εὔνους
381 2321 471 2350 ἐστίν
489 2320 512 2349 S
530 2331 536 2349 z
565 2323 636 2359 ὑμῖν
657 2319 749 2352 οὗτός
773 2323 863 2352 ἐστιν
887 2322 992 2352 εὔνους
1013 2321 1057 2350 F:
1087 2323 1193 2352 εὔνους
1216 2318 1308 2351 οὗτός
1332 2322 1421 2349 ἐστιν
1443 2320 1514 2355 ὑμῖν
1529 2316 1577 2346 A:

255 2362 333 2392 secl.
369 2362 460 2392 Weil
654 2373 694 2402 23
733 2364 943 2404 παραλείπειν
975 2364 998 2393 S
1011 2363 1040 2393 A
1056 2375 1061 2392 z
1102 2365 1293 2404 παραλιπεῖν
1323 2361 1352 2391 Y
1366 2362 1395 2390 O
1411 2360 1434 2390 F
1464 2370 1551 2390 corr.
1572 2370 1579 2389 ε

256 2408 435 2445 περιλιπεῖν
461 2405 495 2435 1³¹

1602 859 1639 881 10

1604 1192 1638 1224 15
