1737 2734
102 880 140 903 10

100 1546 139 1567 20

99 1879 137 1910 25

161 154 249 209 xxl]
584 157 743 195 ΚΑΤΑ
794 155 1066 193 ΜΕΙΔΙΟΎ

159 262 241 303 οὔθ’
266 262 378 303 οὗτος
404 260 569 311 ἀπήντα,
597 263 665 310 τῆς
691 260 723 299 δ’
748 261 850 312 ὥρας
877 258 1047 311 ἐγίγνετ’
1073 258 1166 310 ὀψέ,
1195 255 1489 313 κατεδιῄτησεν.

158 329 230 379 ἤδη
257 328 290 369 δ’
325 327 495 380 ἑσπέρας
525 328 646 377 οὔσης
681 328 743 368 καὶ
772 327 939 368 σκότους
968 327 1126 379 ἔρχεται
1158 325 1324 365 Μειδίας
1354 325 1492 364 οὑτοσὶ

159 396 255 448 πρὸς
283 395 328 435 τὸ
352 399 430 435 τῶν
460 395 666 448 ἀρχόντων
694 395 849 444 οἴκημα,
879 393 941 433 καὶ
974 391 1276 442 καταλαμβάνει
1305 391 1396 432 τοὺς
1423 390 1489 442 ἄρ-

158 479 305 516 χοντας
330 461 506 512 ἐξιόντας
533 462 594 501 καὶ
624 461 692 501 τὸν
718 460 915 512 Στράτων’
949 459 1102 500 ἀπιόντ’
1131 459 1218 509 ἤδη,
1245 458 1316 508 τὴν
1345 457 1493 510 ἔρημον

159 529 368 573 δεδωκότα,
401 528 452 569 ὡς
480 529 558 580 ἐγὼ
589 532 666 567 τῶν
696 527 1030 579 παραγενομένων
1062 530 1167 567 τινὸς
1201 525 1490 576 ἐπυνθανόμην.

159 599 203 635 τὸ
227 598 301 646 μὲν
326 596 394 635 οὖν
420 599 575 647 πρῶτον
605 595 685 636 οἶός
715 594 748 634 τ’
774 594 820 644 ἦν
848 595 1000 634 πείθειν
1031 593 1162 639 αὐτόν,
1188 591 1237 643 ἢν
1268 594 1490 648 κατεδεδιῃ-

159 661 279 712 τήκει,
317 662 463 712 ταύτην
500 660 863 717 ἀποδεδιῃτημένην
904 661 1159 713 ἀποφαίνειν,
1199 659 1261 699 καὶ
1298 659 1387 701 τοὺς
1422 658 1488 711 ἄρ-

159 746 306 783 χοντας
330 728 614 781 μεταγράφειν,
635 728 696 768 καὶ
716 727 965 778 πεντήκοντα
991 728 1172 779 δραχμὰς
1192 726 1324 768 αὐτοῖς
1350 727 1489 766 ἐδίδου·

159 796 210 837 ὡς
235 796 267 836 δ’
284 795 567 848 ἐδυσχέραινον
592 794 700 835 οὗτοι
716 795 760 834 τὸ
786 797 951 847 πρᾶγμα
977 795 1039 834 καὶ
1067 793 1294 846 οὐδετέρους
1319 793 1490 842 ἔπειθεν,

159 861 383 912 ἀπειλήσας
414 863 477 902 καὶ
511 862 821 913 διαλοιδορηθεὶς
855 861 1040 901 ἀπελθὼν
1075 861 1116 900 τί
1146 864 1270 906 ποιεῖ;
1313 860 1374 899 καὶ
1400 859 1489 900 θεά-

160 933 289 969 σασθε
327 929 399 979 τὴν
436 928 681 979 κακοήθειαν.
753 928 824 978 τὴν
861 930 935 978 μὲν
971 929 1124 968 δίαιταν
1160 927 1387 980 ἀντιλαχὼν
1424 926 1492 966 οὐκ

160 997 329 1046 ὤμοσεν,
363 995 455 1035 ἀλλ’
487 997 597 1036 εἴασε
627 995 710 1034 καθ’
742 996 860 1035 αὑτοῦ
897 996 1031 1046 κυρίαν
1062 994 1263 1046 γενέσθαι,
1297 993 1360 1033 καὶ
1390 993 1489 1034 ἀνώ-

157 1079 277 1113 μοτος
297 1062 516 1115 ἀπηνέχθη·
553 1062 800 1112 βουλόμενος
826 1064 866 1102 δὲ
893 1061 938 1101 τὸ
955 1060 1107 1111 μέλλον
1132 1063 1284 1106 λαθεῖν,
1311 1059 1491 1112 φυλάξας

158 1129 229 1179 τὴν
254 1130 486 1170 τελευταίαν
509 1128 658 1180 ἡμέραν
683 1132 760 1168 τῶν
787 1131 1011 1177 διαιτητῶν,
1038 1127 1110 1177 τὴν
1135 1131 1203 1167 τοῦ
1223 1129 1493 1180 θαργηλιῶνος

159 1193 181 1246 ἦ
218 1200 286 1236 τοῦ
323 1199 635 1248 σκιροφοριῶνος
666 1194 919 1248 γιγνομένην,
960 1196 1015 1236 εἰς
1047 1193 1095 1244 ἣν
1129 1195 1149 1233 ὁ
1180 1196 1252 1245 μὲν
1288 1192 1385 1244 ἦλθε
1415 1198 1492 1234 τῶν

159 1266 381 1314 διαιτητῶν,
409 1263 429 1302 ὁ
459 1262 491 1302 δ’
521 1262 590 1302 οὐκ
619 1261 729 1312 ἦλθε,
758 1263 900 1303 πείσας
935 1261 1004 1301 τὸν
1034 1261 1326 1313 πρυτανεύοντα
1359 1264 1492 1300 δοῦναι

159 1330 230 1381 τὴν
255 1332 399 1382 ψῆφον
424 1330 530 1382 παρὰ
555 1328 705 1370 πάντας
731 1329 820 1370 τοὺς
847 1329 1004 1379 νόμους,
1029 1327 1189 1379 κλητῆρ’
1211 1327 1289 1367 οὐδ’
1316 1328 1493 1367 ὁντινοῦν

159 1396 497 1449 ἐπιγραψάμενος,
536 1399 762 1448 κατηγορῶν
801 1395 959 1446 ἔρημον,
991 1394 1148 1435 οὐδενὸς
1184 1394 1391 1445 παρόντος,
1430 1395 1492 1434 ἐκ·

158 1464 309 1514 βάλλει
345 1463 408 1503 καὶ
437 1464 571 1513 ἀτιμοῖ
602 1462 670 1502 τὸν
703 1460 918 1512 διαιτητήν·
967 1462 1028 1501 καὶ
1066 1465 1132 1501 νῦν
1167 1462 1222 1502 εἷς
1256 1461 1489 1510 Ἀθηναίων,

158 1532 219 1571 ὅτι
246 1531 416 1571 Μειδίας
441 1530 587 1582 ἔρημον
607 1526 721 1580 ὦφλε
753 1530 877 1578 δίκην,
906 1527 1092 1568 ἁπάντων
1122 1527 1389 1579 ἀπεστέρηται
1413 1531 1492 1568 τῶν

158 1599 201 1637 ἐν
226 1598 273 1653 τῇ
299 1598 416 1637 πόλει
442 1597 504 1636 καὶ
535 1595 719 1646 καθάπαξ
742 1595 879 1646 ἄτιμος
910 1594 1088 1648 γέγονεν·
1144 1595 1205 1635 καὶ
1235 1595 1323 1635 οὔτε
1347 1598 1491 1648 λαχεῖν

159 1663 394 1715 ἀδικηθέντα
427 1664 517 1704 οὔτε
547 1662 748 1713 διαιτητὴν
781 1661 972 1714 γενέσθαι
1004 1663 1150 1716 Μειδία
1181 1661 1262 1702 οὔθ’
1291 1662 1394 1703 ὅλως
1419 1660 1491 1711 τὴν

158 1730 279 1781 αὐτὴν
321 1730 412 1771 ὁδὸν
453 1730 645 1781 βαδίζειν,
685 1729 735 1771 ὡς
775 1729 914 1774 ἔοικεν,
954 1728 1037 1769 ἔστ’
1078 1727 1278 1781 ἀσφαλές.
1350 1731 1412 1768 δεῖ
1444 1728 1489 1778 δὴ

157 1801 272 1838 τοῦτο
300 1797 345 1838 τὸ
375 1796 521 1849 πρᾶγμ’
551 1798 650 1847 ὑμᾶς
686 1797 833 1836 οὑτωσὶ
868 1795 1118 1848 σκέψασθαι,
1147 1795 1208 1835 καὶ
1243 1796 1491 1847 λογίσασθαι

157 1866 198 1905 τί
234 1863 321 1905 ποτ’
363 1864 449 1905 ἔσθ’
492 1863 513 1903 ὃ
556 1864 692 1904 παθὼν
735 1864 903 1904 Μειδίας
947 1863 1069 1903 οὕτως
1109 1862 1215 1912 ὠμὸν
1253 1862 1491 1912 τηλικαύτην

156 1932 432 1982 ἐπεβούλευσε
458 1934 603 1981 λαβεῖν
629 1934 706 1970 τῶν
733 1929 1022 1982 πεπραγμένων
1048 1929 1138 1980 παρ’
1166 1928 1306 1980 ἀνδρὸς
1325 1929 1491 1969 πολίτου

157 1999 280 2049 δίκην,
312 1998 383 2039 κᾶν
412 2000 485 2049 μὲν
508 1996 533 2054 ᾗ
558 2014 595 2037 τι
621 1996 749 2037 δεινὸν
779 1997 830 2038 ὡς
862 1997 1019 2046 ἀληθῶς
1051 1997 1114 2036 καὶ
1146 1994 1356 2047 ὑπερφυές,
1392 2011 1487 2046 συγ-

200 2111 221 2140 6
245 2109 308 2142 οἷός
326 2110 355 2141 τ’
374 2109 414 2147 ἧν
430 2109 521 2149 vulg.
542 2109 565 2139 S
583 2119 687 2140 corn:
708 2108 771 2140 οἷος
789 2107 828 2145 ἦν
847 2107 881 2137 S¹
1000 2117 1016 2146 7
1044 2107 1234 2147 ἀποφαίνειν
1251 2105 1281 2135 Α
1297 2105 1327 2135 O
1344 2104 1369 2134 F
1385 2117 1437 2145 γρ.
1458 2104 1488 2134 Y

157 2164 257 2192 corr„
276 2153 320 2184 cs.
342 2156 357 2190 5
375 2155 418 2192 96
434 2165 441 2184 ε
466 2152 637 2193 ἀποφέρειν
661 2150 740 2182 SY¹
757 2151 798 2182 al.
955 2161 994 2181 10
1019 2151 1071 2182 καὶ
1096 2155 1175 2180 ante
1194 2149 1353 2181 θεάσασθε
1371 2159 1436 2179 om.
1456 2147 1487 2180 Α

161 2207 264 2236 11—13
288 2197 389 2227 verba
402 2198 462 2235 τὴν
478 2196 538 2236 μὲν
551 2197 676 2227 δίαιταν
694 2220 700 2226 .
721 2219 728 2226 .
750 2220 756 2226 ,
778 2197 888 2227 λαθεῖν
906 2195 1002 2225 obelo
1023 2198 1138 2224 notata
1156 2192 1189 2223 in
1207 2193 1230 2223 S
1245 2193 1269 2222 F
1362 2201 1398 2229 14
1423 2194 1489 2223 τῶν

158 2243 331 2279 διαιτητῶν
349 2241 444 2271 codd.
462 2251 469 2270 z
493 2239 575 2270 secl.
595 2239 714 2270 Blass:
740 2242 806 2270 τῶν
822 2241 950 2271 διαιτῶν
972 2237 1105 2268 Dobree
1223 2245 1328 2274 14—15
1352 2236 1414 2273 τὴν
1430 2238 1489 2266 τοῦ

158 2287 395 2325 θαργηλιῶνος.
415 2308 422 2314 .
439 2307 446 2315 .
461 2282 660 2324 γιγνομένην
673 2282 753 2313 secl.
773 2281 937 2313 Schaeser
954 2293 961 2312 z
987 2284 1205 2321 θαργηλιῶνος
1218 2281 1238 2318 ἢ
1251 2282 1309 2311 τοῦ
1327 2284 1360 2309 et
1376 2291 1486 2319 γιγνο-

157 2327 256 2366 μένην
279 2328 356 2359 secl.
383 2328 480 2358 Blass
504 2327 580 2358 coll.
600 2325 704 2357 schol.
727 2336 758 2365 p.
777 2327 853 2364 586,
872 2336 893 2364 9
913 2324 1049 2365 ἐφύλαξε
1071 2325 1133 2362 τὴν
1152 2323 1346 2355 τελευταίαν
1367 2322 1487 2363 ἡμέραν

157 2371 220 2408 τὴν
246 2373 304 2402 τοῦ
332 2374 578 2412 σκιροφοριῶνος
758 2370 796 2399 18
828 2371 1016 2409 κατηγορῶν
1049 2367 1143 2398 SA:
1179 2367 1367 2408 κατηγόρων
1393 2366 1482 2405 vulg.

160 2415 197 2451 ἐξ
216 2414 324 2454 88-92
348 2414 450 2445 verba
467 2416 517 2446 δεῖ
531 2415 570 2452 δὴ
587 2416 685 2446 τοῦτο
703 2437 710 2444 .
731 2437 738 2444 .
760 2437 767 2444 .
790 2413 905 2454 ἄκυρον
921 2414 1008 2443 ποιεῖ
1022 2411 1119 2442 obelo
1139 2415 1256 2441 notata
1271 2411 1305 2440 in
1325 2410 1349 2441 S
1363 2409 1387 2440 F

1524 153 1627 208 [541]

1523 313 1636 368 [542]

1523 370 1564 415 85

1522 798 1567 833 86

1523 1266 1565 1307 87

1522 1732 1564 1765 88

1523 1927 1633 1981 [543]
