1737 2734
112 153 230 208 {500]

122 393 228 447 [501]

166 607 228 640 144

166 1069 226 1104 145

164 1659 227 1699 146

111 2103 224 2157 [502]

162 2169 225 2201 147

678 153 1165 191 ΔΙῙΜΟΣΘΕΝΟΎΣ
1511 148 1582 203 [xx

261 261 374 310 τιμὰς
393 263 469 299 τῶν
491 259 739 310 εὐεργεσιῶν,
758 259 870 298 οὐδὲν
889 257 1003 298 αὐτὸς
1028 261 1156 297 ποιεῖν
1173 257 1319 308 ἀγαθὸν
1340 259 1582 308 παρεσκευά-

262 329 354 365 σθαι
385 326 502 375 δόξει.
575 327 608 365 εἰ
635 327 708 375 μὲν
737 325 868 364 τοίνυν
896 324 1071 376 ἠγνόησε
1100 327 1220 363 ταῦτα
1242 323 1409 374 (γένοιτο
1440 326 1514 375 γὰρ
1538 324 1586 364 ἂν

263 394 323 432 καὶ
348 391 489 442 τοῦτο),
518 392 656 431 αὐτίκα
681 392 869 441 δηλώσει·
909 389 1213 442 συγχωρήσεται
1246 392 1322 441 γὰρ
1349 391 1439 440 ὑμῖν
1463 394 1586 430 λῦσαι

261 459 348 509 περὶ
377 459 432 498 ὧν
462 458 578 499 αὐτὸς
608 458 791 508 ἥμαρτεν,
867 458 899 497 εἰ
930 459 971 496 δὲ
1002 455 1227 507 φανήσεται
1258 456 1490 505 σπουδάζων
1524 458 1586 496 καὶ

261 525 548 574 διατεινόμενος
573 525 704 576 κύριον
730 527 856 564 ποιεῖν
875 524 944 563 τὸν
970 524 1102 573 νόμον,
1125 523 1203 573 ἐγὼ
1218 524 1288 572 μὲν
1308 522 1374 561 οὐκ
1401 523 1479 574 ἔχω
1506 527 1586 564 πῶς
1607 539 1623 570 5

691 590 720 603 (κῖ

260 590 469 636 ἐπαινέσω,
509 590 652 642 ψέγειν
689 604 708 630 ο
758 591 801 630 οὐ
837 591 1047 640 βούλομαι.
1117 590 1238 640 μηδὲν
1274 589 1342 628 οὖν
1375 590 1583 639 φιλονίκει,

261 659 449 707 Λεπτίνη,
471 659 567 707 μηδὲ
587 656 727 707 βιάζου
747 660 924 696 τοιοῦτον
949 655 997 696 δι’
1022 655 1066 695 οὗ
1091 654 1180 705 μήτ’
1201 654 1316 696 αὐτὸς
1335 654 1461 704 δόξεις
1485 660 1583 705 βελ-

259 724 352 763 τίων
372 724 469 764 εἶναι
489 723 579 774 μήθ’
599 726 634 763 οἱ
660 723 889 764 πεισθέντες
916 740 993 767 σοι,
1016 722 1149 763 ἄλλως
1174 738 1216 760 τε
1241 722 1304 760 καὶ
1323 721 1587 772 γεγενημένου

260 807 326 830 σοι
346 794 413 830 τοῦ
433 791 583 842 ἀγῶνος
604 791 818 829 ἀκινδύνου.
880 790 942 828 διὰ
963 791 1037 840 γὰρ
1056 788 1099 827 τὸ
1119 790 1356 837 τελευτῆσαι
1383 787 1587 828 Βάθιππον

259 857 328 897 τὸν
353 858 506 896 τουτουὶ
526 856 659 908 πατέρ’
685 856 954 907 Ἀψεφίωνος,
983 854 1024 896 ὃς
1049 854 1166 894 αὐτὸν
1192 853 1245 893 ἔτ’
1271 852 1353 893 ὄνθ’
1372 854 1587 894 ὑπεύθυνον

262 922 479 975 ἐγράψατο,
503 922 673 973 ἐξῆλθον
698 925 734 962 οἱ
760 923 909 974 χρόνοι,
933 922 994 961 καὶ
1021 922 1104 962 νυνὶ
1125 921 1213 972 περὶ
1238 920 1355 960 αὐτοῦ
1374 923 1443 959 τοῦ
1468 921 1588 971 νόμου

260 993 335 1032 πᾶς
362 990 447 1029 ἐσθ’
473 991 492 1029 ὁ
516 991 650 1041 λόγος,
679 989 800 1042 τούτῳ
823 988 855 1027 δ’
880 988 1005 1029 οὐδείς
1030 989 1117 1028 ἐστι
1143 989 1331 1028 κίνδυνος.

329 1058 468 1096 Καίτοι
494 1057 555 1096 καὶ
581 1055 685 1096 τοῦτ’
712 1056 841 1095 ἀκούω
867 1072 914 1095 σε
939 1054 1087 1106 λέγειν,
1117 1054 1167 1096 ὡς
1192 1053 1265 1104 ἄρα
1289 1057 1392 1105 τρεῖς
1413 1052 1460 1094 σέ
1484 1070 1586 1094 τινες

260 1123 513 1175 γραψάμενοι
538 1124 721 1174 πρότεροι
754 1125 867 1162 τοῦδε
900 1122 968 1162 οὐκ
999 1120 1230 1171 ἐπεξῆλθον.
1305 1122 1337 1160 εἰ
1363 1122 1434 1170 μὲν
1457 1122 1586 1160 τοίνυν

260 1192 440 1242 ἐγκαλῶν
470 1189 600 1230 αὐτοῖς
629 1189 760 1241 λέγεις
794 1190 854 1228 ὅτι
883 1188 922 1227 σ’
953 1187 996 1227 οὐ
1027 1187 1278 1237 κατέστησαν
1308 1188 1362 1228 εἰς
1395 1188 1585 1232 κίνδυνον,

260 1257 633 1307 φιλοκινδυνότατος
653 1256 811 1296 πάντων
831 1255 1048 1307 ἀνθρώπων
1069 1254 1114 1294 εἶ·
1153 1255 1186 1294 εἷ
1202 1256 1243 1294 δὲ
1258 1252 1468 1304 τεκμήριον
1485 1256 1591 1293 ποιεῖ

261 1326 330 1362 τοῦ
354 1325 402 1363 τὰ
427 1323 543 1363 δίκαι’
569 1323 776 1374 εἰρηκέναι,
803 1324 896 1362 λίαν
923 1323 1057 1372 εὔηθες
1088 1324 1224 1362 ποιεῖς.
1295 1321 1336 1359 τί
1358 1321 1434 1371 γὰρ
1458 1321 1588 1359 εἵνεκα

259 1392 398 1430 τούτου
414 1391 589 1440 βελτίων
609 1389 693 1429 ἔσθ’
715 1390 734 1428 ὁ
751 1390 880 1439 νόμος,
903 1390 939 1428 εἴ
951 1405 1008 1429 τις
1024 1385 1046 1437 ἦ
1062 1388 1314 1436 τετελεύτηκε
1330 1390 1408 1426 τῶν
1427 1390 1584 1438 γραψα-

259 1457 388 1506 μένων
419 1458 509 1508 πρὶν
541 1458 750 1502 εἰσελθεῖν,
784 1453 806 1504 ἦ
841 1456 1018 1496 πεισθεὶς
1050 1453 1126 1494 ὑπὸ
1160 1457 1233 1493 σοῦ
1265 1452 1523 1504 διεγράψατο,
1564 1450 1586 1502 ἦ

259 1524 322 1564 καὶ
358 1525 461 1565 ὅλως
497 1524 572 1563 ὑπὸ
609 1527 681 1562 σοῦ
718 1521 1040 1574 παρεσκευάσθη;
1094 1521 1200 1560 ἀλλὰ
1235 1523 1356 1559 ταῦτα
1390 1521 1463 1570 μὲν
1499 1519 1587 1558 οὐδὲ

258 1590 392 1641 λέγειν
419 1591 553 1630 καλόν.

319 1656 534 1708 ”Ηιρηνται
551 1659 590 1696 δὲ
608 1660 660 1711 τῷ
677 1658 781 1710 νόμῳ
801 1656 977 1695 σύνδικοι
996 1655 1057 1694 καὶ
1073 1653 1237 1705 μάλισθ’
1258 1654 1294 1693 οἱ
1314 1654 1433 1693 δεινοὶ
1452 1652 1587 1704 λέγειν

258 1723 408 1775 ἄνδρες,
436 1724 650 1774 Λεωδάμας
676 1723 895 1775 Ἀχαρνεὺς
927 1723 988 1762 καὶ
1018 1721 1273 1773 Ἀριστοφῶν
1297 1719 1498 1770 Ἁζηνιεὺς
1524 1720 1586 1759 καὶ

261 1792 539 1841 Κηφισόδοτος
560 1792 602 1830 ἐκ
629 1790 843 1842 Κεραμέων
864 1790 925 1829 καὶ
947 1789 1107 1829 Δεινίας
1123 1787 1317 1841 (Ερχιεύς.
1378 1787 1402 1826 ἃ
1427 1786 1472 1835 δὴ
1489 1785 1586 1837 πρὸς

257 1858 416 1898 τούτους
446 1856 762 1908 ὑπολαμβάνοιτ’
793 1856 842 1896 ἂν
872 1856 1043 1900 εἰκότως,
1076 1855 1284 1899 ἀκούσατε,
1318 1854 1379 1892 καὶ
1411 1852 1585 1892 σκοπεῖτ’
1609 1871 1622 1891 2

257 1923 305 1964 ἂν
334 1925 425 1974 ὑμῖν
458 1926 586 1964 δίκαια
619 1925 819 1975 φαίνηται.
891 1926 1044 1975 πρῶτον
1077 1924 1149 1972 μὲν
1180 1921 1274 1972 πρὸς
1305 1919 1583 1969 Λεωδάμαντα.

258 1991 369 2032 οὗτος
395 1991 600 2044 ἐγράψατο
625 1991 695 2040 τὴν
722 1990 903 2041 Χαβρίου
919 1988 1096 2040 δωρειάν,
1117 1990 1159 2028 ἐν
1183 1987 1208 2044 ᾗ
1232 1986 1335 2027 τουτ’
1361 1987 1516 2026 ἔνεστιν
1541 1985 1585 2025 τὸ

257 2061 325 2107 τῆς
342 2059 523 2100 ἀτελείας
543 2062 621 2098 τῶν
641 2059 775 2111 ἐκείνῳ
796 2074 832 2096 τι
853 2056 1058 2101 δοθέντων,
1084 2055 1145 2094 καὶ
1165 2054 1261 2105 πρὸς
1276 2055 1374 2104 ὑμᾶς
1392 2053 1585 2093 εἰσελθὼν

258 2125 418 2175 ἡττήθη·
459 2128 494 2166 οἱ
524 2127 636 2176 νόμοι
666 2125 699 2165 δ’
724 2124 791 2164 οὐκ
823 2125 919 2163 ἐῶσι
949 2124 1007 2164 δὶς
1038 2122 1133 2173 πρὸς
1158 2122 1226 2161 τὸν
1252 2120 1370 2160 αὐτὸν
1395 2120 1482 2169 περὶ
1507 2122 1585 2158 τῶν

306 2250 316 2268 1
346 2242 522 2280 εὐεργετῶν
549 2238 626 2270 ΡΧ,
654 2237 694 2267 cs.
724 2238 738 2273 ξ
769 2244 827 2273 155
1002 2242 1020 2270 5
1058 2230 1370 2273 ὑπερδιατεινόμενος
1398 2229 1421 2258 L
1439 2229 1516 2267 ΡΧ,
1543 2229 1583 2260 cf.

258 2293 324 2312 xxv
348 2294 358 2313 ῐ
495 2284 516 2312 6
540 2282 716 2322 φιλονείκει
734 2280 843 2316 codd„
862 2276 915 2307 hic
933 2282 965 2306 ct
983 2276 1058 2305 alibi
1197 2284 1235 2304 10
1259 2274 1436 2313 ἀψεφὶωνος
1456 2273 1478 2302 S
1493 2272 1517 2301 L
1530 2271 1582 2301 A:

258 2327 434 2366 ἀφεψῖωνος
460 2327 573 2364 vulga:
607 2325 680 2355 sort.
704 2322 904 2362 Ἀψηφίωνος
931 2319 1078 2350 Dindors
1246 2327 1279 2346 11
1316 2318 1345 2348 οἱ
1368 2319 1425 2353 τῆς
1451 2319 1583 2357 κρίσεως

260 2370 365 2409 χρόνοι
386 2370 451 2400 FX
617 2370 653 2397 16
676 2369 750 2408 ποιῇ
769 2366 865 2395 codd.
1023 2373 1063 2400 24
1089 2361 1233 2402 Ἐρχιεύς
1249 2360 1410 2390 Voemel:
1438 2359 1582 2400 Ἐρχιεύς

259 2414 282 2442 S
302 2414 324 2442 1.
349 2414 436 2451 vulg.
556 2423 594 2450 27
622 2412 662 2440 28
696 2413 729 2442 ἐν
754 2408 773 2452 ᾗ
801 2433 830 2439 ..
853 2433 858 2438 .
890 2407 1046 2438 δοθέντων
1070 2406 1148 2436 secl.
1178 2405 1335 2435 Dobree:
1368 2405 1406 2434 τὸ
1431 2405 1487 2441 τῆς
1513 2426 1520 2433 .

258 2457 414 2489 δοθέντων
432 2456 511 2487 scel.
534 2455 682 2494 Taylor:
708 2457 772 2485 τῶν
791 2477 796 2482 .
820 2477 824 2482 .
845 2476 850 2481 .
874 2451 1030 2483 δοθέντων
1047 2449 1125 2479 secl.
1149 2449 1181 2479 F.
1203 2448 1243 2478 A.
1263 2446 1361 2478 Wolf

1611 872 1648 893 10

1611 1204 1646 1236 15

1610 1537 1648 1559 20
