1737 2734
161 152 265 207 iva]

160 1064 264 1165 [νει

218 1840 264 1873 44

722 154 1207 192 ΔΗΜΟΣΘΕΝΟὙΣ
1508 150 1623 203 [xxw

299 257 450 298 ἅπασιν
489 259 665 299 ἐναντίος
701 262 782 300 τοῖς
819 258 922 305 οὖσι,
956 258 1133 308 μάλιστα
1168 261 1208 298 δὲ
1241 262 1373 299 ταῦτα·
1416 260 1624 311 γνώσεσθε

298 327 341 364 δὲ
366 324 456 366 τοὺς
481 325 622 375 νόμους
647 325 855 367 ἀκούοντες
880 324 1031 366 αὐτούς.
1102 324 1210 377 λέγε.

884 455 1040 483 ΝΟΜΟΣ.

353 531 516 577 Διοκλῆς
545 528 653 566 εἶπεν·
686 529 768 568 τοὺς
798 529 930 577 νόμους
957 529 1039 568 τοὺς
1066 529 1138 577 πρὸ
1165 529 1367 566 Εὗκλείδου
1393 529 1560 569 τεθέντας
1589 533 1626 568 ἐν

296 582 523 632 δημοκρατίᾳ
554 583 611 620 καὶ
644 583 728 620 ὅσοι
757 581 811 620 ἐπ’
842 582 1045 620 Εὖκλείδου
1077 582 1256 631 ἐτέθησαν
1286 583 1343 620 καὶ
1374 583 1467 621 εἰσὶν
1498 586 1626 635 ἀναγε-

295 638 512 687 γραμμένοι,
540 637 681 685 κυρίους
708 637 808 674 εἶναι.
867 637 950 676 τοὺς
975 637 1012 674 δὲ
1039 636 1118 686 μετ’
1141 637 1345 685 Εὐκλείδην
1372 637 1541 677 τεθέντας
1567 639 1626 675 καὶ

295 692 338 728 τὸ
367 692 500 728 λοιπὸν
526 691 734 740 τιθεμένους
762 691 904 739 κυρίους
932 690 1021 728 εἶναι
1047 692 1118 728 ἀπὸ
1143 694 1207 739 τῆς
1236 691 1372 740 ἡμέρας
1400 690 1443 738 ἧς
1472 692 1627 732 ἕκαστος

296 745 414 793 ἐτέθη,
449 745 548 793 πλὴν
583 745 615 782 εἷ
647 762 696 796 τῳ
730 746 1038 796 προσγέγραπται
1072 746 1204 794 χρόνος
1239 746 1359 783 ὅντινα
1397 745 1453 782 δεῖ
1488 746 1624 795 ἄρχειν.

296 800 498 850 ἐπιγράψαι
523 799 561 836 δὲ
588 801 663 838 τοῖς
686 801 754 849 μὲν
774 802 836 837 νῦν
865 801 1040 848 κειμένοις
1065 800 1128 836 τὸν
1150 800 1370 851 γραμματέα
1393 801 1457 847 τῆς
1482 800 1627 848 βουλῆς

295 855 488 902 τριάκοντα
515 854 669 902 ἡμερῶν·
712 854 754 890 τὸ
782 853 820 891 δὲ
846 855 988 895 λοιπόν,
1016 854 1054 893 ὃς
1084 853 1127 891 ἂν
1155 855 1319 904 τυγχάνῃ
1348 855 1625 904 γραμματεύων,

296 909 573 959 προσγραφέτω
592 909 819 958 παραχρῆμα
841 908 904 945 τὸν
924 908 1036 956 νόμον
1058 909 1180 957 κύριον
1205 907 1292 945 εἶναι
1314 908 1386 945 ἀπὸ
1407 909 1471 956 τῆς
1491 908 1627 958 ἡμέρας

296 961 338 1010 ἧς
359 962 473 1011 ἐτέθη.

366 1093 507 1132 Καλῶς
547 1091 722 1143 ἐχόντων
759 1094 836 1130 τῶν
875 1091 1019 1141 νόμων,
1062 1088 1091 1130 ὦ
1137 1090 1274 1141 ἄνδρες
1312 1091 1508 1136 δικασταί,
1548 1094 1626 1130 τῶν

295 1159 567 1210 ὑπαρχόντων,
589 1157 645 1196 ὅδ’
666 1158 686 1197 ὁ
711 1161 780 1198 νῦν
805 1157 1078 1209 ἀναγνωσθεὶς
1107 1158 1225 1208 νόμος
1245 1157 1417 1208 ὡσπερεὶ
1441 1157 1626 1208 διώρισεν

297 1224 359 1264 καὶ
394 1223 680 1275 βεβαιοτέρους
715 1225 902 1274 ἐποίησεν
938 1223 1089 1266 αὐτούς.
1165 1224 1314 1264 κελεύει
1347 1225 1423 1275 γὰρ
1457 1224 1626 1264 ἕκαστον

296 1290 367 1343 ἀφ’
392 1291 437 1341 ἧς
460 1290 605 1343 ἡμέρας
632 1290 743 1340 ἐτέθη
771 1291 901 1342 κύριον
927 1291 1038 1336 εἶναι,
1069 1290 1172 1339 πλὴν
1200 1292 1236 1330 εἴ
1257 1307 1311 1344 τῳ
1338 1291 1479 1344 χρόνος
1499 1307 1622 1341 προσ-

295 1357 528 1410 γέγραπται,
567 1358 690 1411 τούτῳ
727 1359 768 1397 δὲ
809 1356 878 1398 τὸν
920 1357 1194 1409 γεγραμμένον
1237 1356 1387 1410 ἄρχειν.
1463 1359 1526 1397 διὰ
1567 1358 1623 1403 τί;

295 1427 355 1464 ὅτι
381 1427 547 1465 πολλοῖς
572 1428 649 1463 τῶν
674 1425 805 1474 νόμων
832 1424 1162 1476 προσεγέγραπτο
1191 1423 1284 1463 ’τὸν
1310 1426 1351 1464 δὲ
1380 1425 1499 1474 νόμον
1525 1423 1625 1464 εἶναι

296 1492 428 1542 κύριον
453 1490 556 1531 τόνδ’
582 1490 660 1531 ἀπὸ
692 1494 760 1530 τοῦ
792 1492 890 1541 μετὰ
923 1491 990 1530 τὸν
1016 1494 1084 1530 νῦν
1113 1490 1314 1543 ἄρχοντα.’
1384 1492 1549 1542 ὕστερον
1583 1492 1622 1530 δὲ

295 1557 461 1610 γράφων
485 1558 506 1596 ὁ
530 1556 650 1598 τιθεὶς
677 1558 740 1597 ἐπὶ
766 1558 917 1599 τούτοις
947 1558 1058 1597 τόνδε
1093 1557 1162 1597 τὸν
1197 1558 1319 1607 νόμον
1348 1557 1416 1597 τὸν
1450 1558 1620 1608 ἀνεγνω-

295 1624 455 1674 σμένον,
483 1624 549 1663 οὐκ
583 1624 734 1674 ἐνόμιζε
771 1625 920 1664 δίκαιον
956 1624 1054 1664 εἶναι
1087 1624 1175 1665 τοὺς
1213 1623 1350 1665 αὐτοὺς
1383 1627 1461 1663 τῶν
1494 1624 1625 1674 νόμων

294 1690 664 1743 ἀναγεγραμμένους
700 1692 864 1741 ὕστερον
894 1688 916 1740 ἦ
948 1690 1141 1740 ἐτέθησαν
1177 1692 1328 1742 κυρίους
1361 1689 1460 1730 εἶναι
1494 1691 1624 1730 ἀνενε-

295 1761 404 1809 γκεῖν
425 1758 488 1798 ἐπὶ
507 1757 578 1807 τὴν
598 1757 759 1808 ἡμέραν,
778 1757 848 1808 ἀφ’
869 1757 913 1806 ἧς
935 1756 1144 1807 ἐτέθησαν,
1170 1757 1230 1797 καὶ
1251 1758 1440 1808 πρότερον
1461 1759 1626 1806 ποιῆσαι

296 1826 446 1876 κυρίους
471 1821 493 1874 ἦ
520 1825 540 1863 ὁ
565 1824 645 1866 θεὶς
670 1825 840 1864 ἕκαστον
866 1823 1050 1874 ἠξίωσεν.
1127 1825 1250 1878 τούτῳ
1275 1823 1410 1874 μέντοι
1439 1824 1490 1878 τῷ
1521 1825 1624 1877 νόμῳ

296 1890 498 1943 σκέψασθ’
524 1891 574 1932 ὡς
601 1891 776 1932 ἐναντίος
803 1892 914 1931 ἐστὶν
947 1890 992 1930 ὃν
1031 1891 1143 1932 οὗτος
1177 1890 1352 1940 τέθηκεν.
1424 1891 1444 1929 ὁ
1476 1890 1547 1940 μέν
1580 1907 1625 1942 γε
1669 1905 1684 1936 ζ

296 1958 445 1998 κελεύει
478 1957 546 1997 τὸν
578 1956 853 2009 γεγραμμένον
890 1958 1037 2010 χρόνον
1067 1954 1090 2007 ἢ
1121 1957 1192 2007 τὴν
1224 1957 1372 2008 ἡμέραν
1406 1956 1476 2008 ἀφ’
1501 1956 1546 2007 ἧς
1578 1956 1626 1997 ἂν

294 2027 388 2081 τεθῇ
413 2025 546 2076 κυρίαν
572 2023 683 2064 εἶναι·
719 2025 739 2063 ὁ
767 2023 800 2064 δ’
821 2025 999 2076 ἔγραψεν
1030 2027 1037 2040 ‘
1059 2025 1119 2064 καὶ
1140 2026 1176 2064 εἴ
1192 2041 1268 2064 τινι
1287 2023 1625 2075 προστετίμηται,’

344 2145 355 2164 1
383 2137 486 2167 ταῦτα
503 2135 593 2173 vulg.
613 2145 619 2163 t
644 2134 758 2165 τούτω(
779 2134 802 2164 S
923 2144 941 2163 2
966 2136 1039 2166 τοὺς
1057 2135 1169 2174 νόμους
1188 2135 1357 2166 ἀκούοντες
1375 2134 1499 2166 αὐτούς.
1547 2135 1625 2174 λέγε

297 2178 322 2209 S
338 2190 345 2208 ε
369 2179 443 2210 τοὺς
462 2178 575 2217 νόμους
593 2178 669 2208 secl.
685 2178 782 2207 Blass
800 2178 871 2208 coll.
887 2188 930 2207 xx
948 2189 988 2215 94
1005 2190 1011 2208 :
1037 2179 1206 2210 ἀκούοντες
1225 2178 1434 2210 ῚῚἀκούσαντες
1447 2177 1474 2207 Y
1488 2177 1533 2208 O*
1552 2178 1626 2209 τοὺς

298 2222 411 2261 νόμους
437 2222 558 2254 αὐτούς.
607 2222 685 2261 λέγε
705 2220 837 2251 FYO:
870 2221 1074 2253 ἀκούσαντες.
1124 2222 1203 2262 λέγε
1227 2222 1300 2253 τοὺς
1326 2221 1437 2259 νόμους
1464 2221 1575 2252 αὐτούς
1596 2221 1626 2250 Α

302 2275 340 2304 19
363 2265 397 2296 δὲ
415 2266 512 2296 codd.
529 2277 534 2295 :
561 2266 600 2302 δὴ
619 2265 708 2294 Weil
853 2275 894 2294 20
920 2266 968 2296 ἐπὶ
986 2266 1111 2297 τούτοις
1129 2268 1144 2296 ὁ
1162 2266 1257 2297 τιθεὶς
1275 2265 1305 2294 Α
1450 2274 1490 2294 22
1515 2265 1627 2304 ἄναγε·

296 2308 513 2349 γραμμένους]
531 2308 772 2349 γεγραμμένους
790 2308 820 2338 Α
837 2319 843 2338 t
866 2308 1092 2348 γεγραμμένης
1110 2308 1135 2338 F
1150 2322 1200 2349 γρ.
1329 2317 1370 2346 23
1393 2306 1564 2348 πρότερον]
1582 2308 1626 2346 μὴ

298 2353 453 2393 πρότερον
472 2351 496 2381 F
585 2362 626 2389 25
651 2351 786 2389 τέθηκεν
802 2351 898 2382 Blass
917 2352 972 2389 (cf.
992 2352 1127 2387 insscrr.)
1146 2363 1152 2382 ι
1176 2351 1319 2383 τέθεικεν
1337 2352 1447 2387 εο](1.,
1462 2351 1503 2381 cs.
1519 2354 1555 2387 ἐξ
1570 2360 1625 2388 59,

297 2395 350 2433 61,
369 2396 421 2428 66,
440 2397 492 2433 67,
516 2405 565 2433 70,
586 2396 639 2433 88,
659 2405 710 2434 95.
730 2405 784 2434 99.
807 2405 877 2428 102.
902 2405 971 2435 109,
992 2404 1060 2435 122,
1081 2405 1150 2435 144,
1171 2405 1239 2435 191,
1259 2405 1324 2433 209
1413 2396 1455 2424 26
1479 2395 1516 2426 ἂν
1532 2392 1626 2436 τεθῇ]

300 2438 392 2476 ἐτέθη
409 2438 439 2468 Λ
574 2447 614 2477 27
641 2440 690 2470 καὶ
707 2449 771 2470 om.
792 2438 816 2470 S
833 2438 925 2469 solus

1649 867 1687 889 10

1649 1236 1685 1268 ¹5

1648 1572 1686 1594 20
