1737 2734
146 775 266 829 [689]

197 1391 261 1423 207

192 1781 258 1814 :08

722 139 1211 179 ΔΗΜΟΣΘΕΝΟὙΣ
1500 133 1624 187 [xxm

299 247 341 284 ἐκ
367 247 434 294 τῆς
460 246 626 286 πόλεως.
699 245 825 283 καίτοι
849 242 1053 294 σκέψασθ’
1080 243 1130 284 ὡς
1161 243 1350 292 ἐκόλαζον
1375 245 1412 283 οἱ
1437 244 1625 295 πρόγονοι

299 310 387 353 τοὺς
426 311 654 352 ἀδικοῦντας
694 311 867 356 ἑαυτούς,
908 311 941 349 εἰ
983 310 1271 360 παραπλησίως
1309 308 1410 359 ὑμῖν.
1483 311 1625 350 ἐκεῖνοι

300 377 582 427 Θεμιστοκλέα
622 378 822 426 λαβόντες
865 376 998 426 μεῖζον
1041 378 1187 416 ἑαυτῶν
1235 374 1419 426 ἀξιοῦντα
1461 379 1625 427 φρονεῖν

299 443 501 494 ἐξήλασαν
539 445 579 484 ἐκ
616 446 684 493 τῆς
721 443 875 484 πόλεως
913 443 974 482 καὶ
1009 442 1208 492 μηδισμὸν
1246 441 1513 494 κατέγνωσαν·
1563 444 1624 482 καὶ

301 512 473 560 Κίμωνα,
501 511 560 550 ὄτι
585 510 656 560 τὴν
688 510 851 560 πάτριον
881 510 1113 559 μετεκίνησε
1145 509 1350 548 πολιτείαν
1382 507 1446 560 ἐφ’
1472 510 1622 557 ἑαυτοῦ,

298 578 402 628 παρὰ
433 581 535 628 τρεῖς
568 579 640 626 μὲν
672 577 845 627 ἀφεῖσαν
870 574 1034 627 ψήφους
1064 575 1108 615 τὸ
1140 574 1193 625 μὴ
1229 574 1382 629 θανάτῳ
1418 575 1622 625 ζημιῶσαι,

298 642 543 693 πεντήκοντα
567 646 608 683 δὲ
635 642 796 682 τάλαντ’
823 641 1052 692 ἐξέπραξαν.
1128 641 1190 681 καὶ
1220 642 1358 682 τοῦτον
1387 641 1455 681 τὸν
1479 642 1624 693 τρόπον

298 710 599 761 προσεφέροντο
628 708 828 759 τηλικαῦτ’
855 708 994 750 αὐτοὺς
1024 707 1138 760 ἀγάθ’
1169 707 1444 760 εἰργασμένοις
1473 708 1620 759 ἀνθρώ-

298 793 397 818 ποις.
470 777 640 817 δικαίως·
679 775 724 814 οὐ
749 777 824 827 γαρ
850 776 980 816 αὐτοῖς
1006 776 1237 814 ἀπεδίδοντο
1262 774 1333 824 τὴν
1358 773 1484 814 αὑτῶν
1510 776 1621 814 ἐλευ-

298 843 431 894 θερίαν
464 843 526 883 καὶ
560 843 868 894 μεγαλοψυχίαν
899 845 976 880 τῶν
1005 841 1145 892 ἔργων,
1182 842 1289 880 ἀλλα
1324 841 1523 893 χρηστοὺς
1553 844 1625 891 μὲν

297 912 414 951 ὄντας
440 909 597 960 ἐτίμων,
621 910 769 949 ἀδικεῖν
796 908 828 948 δ’
850 908 1120 961 ἐπιχειροῦσιν
1140 908 1208 948 οὐκ
1230 908 1456 959 ἐπέτρεπον.
1516 907 1625 957 ὑμεῖς

297 976 344 1022 δ’,
384 975 413 1016 ὦ
450 976 588 1028 ἄνδρες
625 976 843 1026 Ἀθηναῖοι,
882 975 972 1016 τοὺς
1010 977 1057 1014 τὰ
1099 974 1255 1027 μέγιστ’
1292 975 1522 1016 ἀδικοῦντας
1562 975 1624 1014 καὶ

298 1047 478 1095 φανερῶς
512 1042 858 1096 ἐξελεγχομένους,
887 1041 934 1081 ἂν
969 1042 1011 1081 ἓν
1044 1039 1066 1091 ἢ
1100 1041 1156 1081 δύ’
1190 1041 1322 1081 ἀστεῖ’
1358 1042 1525 1082 εἴπωσιν
1562 1043 1623 1081 καὶ

298 1112 403 1161 παρὰ
419 1114 495 1150 τῶν
511 1113 696 1161 φυλετῶν
713 1125 815 1150 τινες
834 1104 1023 1165 ᾑρημένοι
1043 1109 1220 1149 σύνδικοι
1240 1111 1447 1158 δεηθῶσιν,
1470 1109 1621 1160 ἀφίετε·

296 1176 345 1216 ἂν
375 1179 416 1217 δὲ
448 1178 509 1217 καὶ
545 1175 890 1228 καταψηφίσησθέ
921 1191 1002 1225 του,
1030 1175 1146 1216 πέντε
1181 1175 1243 1214 καὶ
1277 1177 1405 1215 εἴκοσι
1438 1178 1623 1228 δραχμῶν

296 1244 522 1294 ἐτιμήσατε.
596 1244 657 1283 καὶ
690 1243 763 1295 γάρ
794 1259 854 1282 τοι
881 1243 970 1282 τότε
1000 1244 1073 1293 μὲν
1108 1244 1155 1282 τὰ
1186 1244 1260 1293 μὲν
1291 1244 1359 1292 τῆς
1390 1243 1544 1284 πόλεως
1575 1242 1623 1291 ἦν

295 1311 442 1362 εὔπορα
479 1312 541 1350 καὶ
577 1311 739 1361 λαμπρὰ
773 1311 958 1363 δημοσίᾳ,
995 1310 1072 1363 ἰδίᾳ
1105 1309 1138 1349 δ’
1172 1309 1298 1351 οὐδεὶς
1329 1308 1513 1362 ὑπερεῖχε
1546 1313 1623 1349 τῶν

295 1381 470 1417 πολλῶν.
532 1376 739 1428 τεκμήριον
766 1376 820 1416 δέ·
857 1376 928 1425 τὴν
956 1375 1279 1426 Θεμιστοκλέους
1310 1379 1381 1426 μὲν
1406 1377 1533 1416 οἰκίαν
1559 1378 1622 1416 καὶ

294 1444 364 1494 τὴν
386 1444 608 1484 Μιλτιάδου
635 1445 695 1483 καὶ
720 1447 798 1483 τῶν
823 1444 911 1483 τότε
937 1447 1141 1494 λαμπρῶν,
1164 1445 1200 1483 εἵ
1221 1459 1280 1484 τις
1305 1443 1364 1494 ἄρ’
1385 1442 1492 1493 ὑμῶν
1517 1442 1622 1483 οἶδεν

294 1512 410 1551 ὁποία
427 1511 514 1551 ποτ’
532 1512 658 1557 ἐστίν,
674 1512 743 1565 ὁρᾷ
760 1514 837 1550 τῶν
850 1514 1014 1550 πολλῶν
1030 1510 1141 1550 οὐδὲν
1160 1509 1403 1561 σεμνοτέραν
1419 1509 1556 1554 οὖσαν,
1575 1512 1623 1549 τὰ

293 1580 334 1618 δὲ
360 1580 429 1628 τῆς
453 1579 606 1619 πόλεως
627 1577 917 1628 οἰκοδομήματα
943 1577 1004 1617 καὶ
1026 1576 1384 1628 κατασκευάσματα
1408 1580 1622 1627 τηλικαῦτα

294 1645 354 1685 καὶ
404 1645 550 1685 τοιαῦθ’
599 1646 704 1684 ὥστε
742 1645 879 1694 μηδενὶ
922 1648 1000 1684 τῶν
1041 1643 1352 1696 ἐπιγιγνομένων
1390 1643 1621 1695 ὑπερβολὴν

291 1715 517 1764 λελεῖφθαι,
554 1713 779 1764 προπύλαια
812 1715 942 1757 ταῦτα,
979 1711 1197 1757 νεώσοικοι,
1235 1712 1361 1757 στοαί,
1398 1711 1618 1762 Πειραιεύς,

290 1778 407 1819 τᾶλλ’
432 1780 490 1821 οἷς
525 1778 896 1828 κατεσκευασμένην
931 1779 1043 1830 ὁρᾶτε
1076 1778 1147 1827 τὴν
1181 1778 1312 1817 πόλιν.
1385 1780 1452 1817 νῦν
1482 1776 1515 1817 δ’
1542 1778 1620 1830 ἰδίᾳ

291 1847 362 1893 μὲν
396 1845 549 1900 ἑκάστῳ
583 1850 660 1886 τῶν
693 1847 741 1885 τὰ
776 1847 885 1885 κοινὰ
917 1845 1168 1896 πραττόντων
1203 1845 1375 1894 τοσαύτη
1413 1845 1620 1895 περιουσία

290 1909 428 1964 [ἐστὶν]
454 1914 558 1952 ὥστε
589 1915 690 1954 τινὲς
723 1915 796 1962 μὲν
825 1911 951 1952 αὐτῶν
983 1915 1145 1951 πολλῶν
1179 1913 1379 1961 δημοσίων
1413 1912 1614 1960 οἰκοδομη-

289 1979 423 2028 μάτων
449 1979 688 2030 σεμνοτέρας
719 1982 787 2021 τδις
821 1981 919 2020 ἰδίας
954 1978 1290 2018 κατεσκευάκασιν
1324 1979 1458 2023 οἰκίας,
1486 1979 1562 2029 γῆν
1587 1977 1618 2016 δ’

290 2046 385 2086 ἔνιοι
418 2048 541 2086 πλείω
580 2046 738 2086 πάντων
774 2047 880 2096 ὑμῶν
916 2050 992 2085 τῶν
1031 2048 1070 2085 ἐν
1107 2049 1158 2098 τῷ
1194 2046 1430 2098 δικαστηρίῳ
1469 2045 1614 2084 συνεώ-

336 2166 348 2186 1
376 2156 543 2197 πρόγονοι]
565 2158 718 2197 πρότερον
738 2157 762 2186 F
904 2167 922 2196 5
948 2156 1082 2197 πάτριον
1101 2155 1124 2185 S
1144 2165 1229 2185 corr.
1250 2154 1341 2192 vulg.
1361 2167 1366 2184 z
1394 2155 1517 2193 Παρίων
1536 2152 1572 2184 51
1587 2153 1617 2183 Y

291 2209 305 2237 7
332 2199 366 2231 δὲ
390 2200 543 2240 τάλαντ’]
570 2201 716 2232 τάλαντα
745 2201 771 2232 δ’
799 2200 897 2230 BlaSS
927 2199 1001 2230 coll.
1030 2203 1043 2236 §
1075 2201 1132 2237 167
1285 2199 1457 2238 ἐξέπραξαν
1483 2197 1615 2228 SYO:

289 2242 478 2284 εἰσέπραξαν
496 2244 544 2273 A:
573 2245 749 2284 ἐπράξαντο
770 2243 792 2273 S
810 2257 860 2283 γρ.
882 2255 888 2273 z
915 2244 1050 2284 ἔπραξαν
1069 2242 1094 2272 F
1253 2252 1290 2271 12
1316 2243 1365 2272 καὶ
1383 2241 1462 2271 secl.
1483 2241 1617 2271 Dobrec

292 2289 307 2324 ξ
327 2287 406 2328 207]
427 2287 466 2317 cf.
487 2286 521 2316 iii
539 2289 646 2325 2546
806 2289 843 2316 18
867 2287 927 2325 μὲν
943 2288 1005 2327 γὰρ
1023 2286 1053 2315 Α
1206 2296 1243 2324 19
1266 2286 1328 2322 τὴν
1344 2290 1421 2314 ante
1440 2284 1618 2316 Μιλτιάδου

289 2340 352 2359 om.
368 2330 391 2360 S
403 2329 432 2359 A
446 2330 474 2359 Y
491 2331 519 2361 O
534 2336 565 2360 et
581 2332 612 2360 iii
629 2333 692 2361 26:
718 2331 791 2360 add.
807 2330 831 2360 F
849 2336 881 2360 et
899 2330 931 2360 iii
949 2332 991 2359 26
1007 2339 1125 2360 omnes
1245 2329 1329 2360 οἶδεν
1347 2330 1430 2365 ὑμῶν
1446 2327 1470 2357 F
1482 2333 1514 2358 et
1529 2328 1560 2357 iii
1577 2329 1619 2357 26

290 2383 330 2410 23
356 2374 535 2413 προπύλαια
553 2398 559 2404 .
583 2399 588 2404 .
607 2399 613 2404 .
636 2375 740 2414 στοαί,
764 2374 803 2404 cf.
825 2374 894 2403 xxii
914 2375 955 2412 76
1054 2383 1093 2411 25
1119 2372 1265 2404 ἑκάστων
1285 2370 1322 2402 Sl
1337 2370 1409 2401 ΥΟ
1504 2373 1518 2407 ξ
1539 2369 1618 2409 208]

290 2416 328 2446 cs.
351 2417 383 2446 iii
402 2427 444 2456 29
533 2420 575 2447 26
601 2420 690 2449 ἐστὶν
709 2418 787 2448 secl.
810 2417 906 2447 Blass
998 2419 1130 2448 πολλῶν
1148 2415 1226 2446 secl.
1251 2415 1452 2450 Rosenberg

1648 857 1686 878 10

1647 1195 1682 1226 ¹5

1644 1527 1682 1548 20

1642 1861 1679 1891 25
