1737 2734
186 530 231 562 44

179 1920 221 1953 47

665 133 1180 188 [AHMOEQENOTE]
1487 135 1584 188 [xxv

261 243 373 283 οὐδὲν
399 242 447 283 ἂν
472 244 633 293 εἴποιμι,
662 242 766 291 πλὴν
791 243 851 281 ὅτι
876 241 912 293 γ’
937 241 982 282 οὐ
1011 245 1266 294 σωφρονοῦσι
1297 243 1587 294 προσνέμοντες

261 310 400 350 αὐτοὺς
427 309 563 363 τούτῳ.
636 312 714 348 τῶν
742 312 814 359 μὲν
843 310 911 348 οὖν
940 311 982 348 ἐν
1011 313 1064 363 τῷ
1098 311 1335 363 δικαστηρίῳ
1365 313 1433 350 νῦν
1462 312 1586 350 ὄντων

261 378 367 426 ὑμῶν
391 375 515 416 οὐδέν’
532 375 632 416 εἶναι
651 379 825 415 τοιοῦτον
843 377 1009 425 τίθεμαι·
1050 375 1112 414 καὶ
1128 377 1203 427 γὰρ
1218 376 1379 422 δίκαιον,
1401 373 1430 415 ὦ
1450 376 1586 428 ἄνδρες

261 442 478 491 Ἀθηναῖοι,
501 442 562 481 καὶ
590 441 711 482 καλὸν
737 443 799 481 καὶ
826 440 1030 493 συμφέρον
1056 443 1156 481 οὕτω
1183 443 1245 481 καὶ
1269 441 1404 492 λέγειν
1430 443 1497 492 ἐμὲ
1524 444 1586 482 καὶ

263 512 425 560 φρονεῖν
450 510 538 559 περὶ
566 509 685 558 ὑμῶν.
759 509 800 547 ἐκ
830 510 870 548 δὲ
900 511 976 547 τῶν
1001 507 1136 548 ἄλλων
1163 512 1347 553 πολιτῶν,
1375 508 1424 548 ἵν’
1451 509 1502 550 ὡς
1531 510 1586 550 εἷς

263 576 500 628 ἐλαχίστους
535 575 606 624 τὴν
641 573 909 625 βλασφημίαν
948 574 1098 626 ἀγάγω,
1136 575 1204 615 τὸν
1242 575 1432 626 μαθητήν,
1471 576 1504 615 εἰ
1543 578 1584 615 δὲ

259 642 475 691 βούλεσθε,
514 641 582 681 τὸν
619 640 859 681 διδάσκαλον
895 640 1023 685 αὐτοῦ,
1059 641 1307 692 Φιλοκράτην
1343 641 1412 681 τὸν
1443 640 1583 681 Ἐλευ-

261 709 402 753 σίνιον,
429 709 551 758 μόνον
576 708 675 748 εἶναι
699 711 873 747 τοιοῦτον
899 709 1065 757 τίθεμαι,
1093 708 1166 761 οὐχ
1196 707 1246 749 ὡς
1276 707 1364 760 οὐχὶ
1389 709 1585 748 πλειόνων

259 776 383 814 ὄντων
401 774 549 825 (ὤφελε
568 776 642 825 γὰρ
661 775 795 824 μηδεὶς
814 773 937 815 ἄλλος
957 773 1269 826 Ἀριστογείτονι
1294 773 1474 826 χαίρειν),
1494 775 1585 814 ἀλλ’

261 840 281 880 δ
301 841 385 880 καθ’
402 842 507 891 ὑμῶν
528 841 578 881 ὡς
597 843 747 881 ὄνειδος
767 841 866 880 ὀκνῶ
887 839 1034 891 λέγειν,
1053 840 1141 880 οὐδὲ
1161 844 1237 880 τῶν
1256 840 1393 880 ἄλλων
1412 845 1584 881 πολιτῶν

260 908 406 948 δίκαιός
432 909 510 958 εἰμι
535 908 706 960 δημοσίᾳ
732 911 976 958 κατηγορεῖν·
1015 906 1098 946 εἶτα
1124 907 1185 946 καὶ
1201 907 1320 946 ταύτὸ
1339 907 1497 957 ποιήσει
1522 908 1584 947 καὶ

260 974 356 1026 πρὸς
390 974 459 1014 ἕνα
490 975 620 1026 ῥηθεὶς
654 974 674 1013 ὁ
707 975 836 1025 λόγος.
911 973 954 1012 τὸ
985 976 1056 1023 μὲν
1085 974 1152 1013 οὖν
1184 972 1230 1023 ἐξ

1231 973 1378 1022 ετάζειν
1411 974 1585 1024 ἀκριβῶς

259 1042 342 1080 οἷον
376 1040 525 1092 ἀνάγκη
555 1040 626 1089 τὴν
656 1041 780 1091 φύσιν
810 1039 908 1080 εἶναι
940 1043 1008 1079 τὸν
1037 1039 1348 1091 Ἀριστογείτονι
1379 1041 1582 1093 χαίροντα,

260 1107 378 1153 ἐάσω,
406 1108 471 1147 ἵνα
494 1107 546 1157 μὴ
572 1108 705 1147 πολλὰ
732 1107 792 1146 καὶ
821 1105 1036 1158 βλάσφημ’
1063 1107 1339 1158 ἀναγκάζωμαι
1362 1106 1497 1158 λέγειν
1522 1108 1585 1147 καὶ

259 1173 455 1224 διεξιέναι·
499 1173 591 1214 ἀλλ’
629 1175 755 1213 ἐκεῖνο
790 1173 908 1225 λέγω.
981 1175 1014 1213 εἰ
1050 1174 1220 1224 πονηρός
1255 1174 1366 1213 ἐστιν
1401 1173 1582 1225 Ἀριστο-

258 1241 400 1292 γείτων
424 1242 560 1282 ἁπλῶς
591 1240 651 1279 καὶ
676 1240 811 1292 πικρὸς
842 1241 904 1280 καὶ
934 1239 1187 1291 συκοφάντης
1219 1239 1281 1279 καὶ
1304 1243 1478 1281 τοιοῦτος
1502 1241 1584 1283 οἶος

259 1308 522 1360 ὑπισχνεῖται,
549 1308 697 1358 δίδωμι,
726 1310 934 1360 συγχωρῶ,
961 1307 1218 1358 Φιλόκρατες,
1246 1306 1311 1346 σοὶ
1340 1310 1393 1361 τῷ
1420 1307 1584 1362 τοιούτῳ

255 1377 323 1413 τὸν
344 1375 480 1423 ὅμοιον
506 1372 653 1428 σῴζειν·
691 1377 768 1413 τῶν
787 1375 862 1425 γὰρ
882 1373 1016 1413 ἄλλων
1043 1373 1227 1413 ἁπάντων
1247 1373 1310 1412 καὶ
1330 1373 1584 1425 φρονούντων

255 1441 279 1479 ἂ
299 1443 359 1480 δεῖ
377 1442 439 1480 καὶ
456 1441 740 1492 φυλαττόντων
759 1440 848 1481 τοὺς
869 1441 1020 1490 νόμους,
1039 1441 1152 1481 οὐδὲν
1172 1440 1219 1480 ἂν
1235 1442 1340 1492 παρὰ
1358 1439 1462 1480 τοῦτ’
1476 1440 1584 1490 οἶμαι

256 1506 456 1558 γενέσθαι.
527 1509 560 1547 εἰ
590 1510 631 1547 δὲ
662 1506 836 1556 κάπηλός
867 1508 954 1547 ἐστι
979 1508 1165 1558 πονηρίας
1192 1506 1253 1546 καὶ
1279 1505 1583 1558 παλιγκάπηλος

257 1575 316 1613 καὶ
346 1575 607 1624 μεταβολεύς,
636 1574 698 1613 καὶ
727 1575 847 1624 μόνον
877 1574 921 1613 οὐ
952 1574 1044 1625 ζυγὰ
1075 1574 1137 1613 καὶ
1165 1572 1308 1623 στάθμ’
1333 1573 1439 1626 ἔχων
1467 1572 1583 1613 πάνθ’

253 1641 332 1680 ὅσα
366 1640 516 1681 πώποτ’
542 1640 710 1692 ἔπραξεν
743 1641 902 1685 ἐπώλει,
934 1642 975 1680 τί
1001 1644 1151 1685 τοῦτον,
1183 1639 1213 1680 ὦ
1241 1639 1385 1691 μάται’,
1417 1641 1580 1695 ἀκονᾷς;

253 1708 341 1747 οὔτε
367 1709 440 1759 γὰρ
461 1708 633 1762 μαγείρῳ
659 1709 856 1760 μαχαίρας
877 1707 988 1748 οὐδέν
1010 1707 1093 1747 ἐστ’
1113 1710 1262 1759 ὄφελος
1287 1706 1480 1757 δήπουθεν
1499 1707 1583 1757 ἥτις

252 1774 305 1823 μὴ
331 1774 474 1825 τέμνει,
497 1774 585 1814 οὔτε
610 1778 663 1827 τῷ
688 1774 922 1828 βουλομένῳ
949 1774 996 1814 δι’
1018 1775 1134 1814 αὑτοῦ
1159 1777 1259 1814 πᾶσι
1285 1773 1495 1825 πράγματα
1520 1774 1582 1814 καὶ

255 1842 352 1880 κακὰ
393 1843 603 1893 γίγνεσθαι
639 1842 658 1879 ὁ
693 1841 798 1881 ταῦτ’
833 1841 1138 1891 ἀποδωσόμενος
1180 1840 1431 1892 συκοφάντης
1469 1839 1582 1880 οὐδέν

255 1908 343 1947 ἐστι
372 1908 581 1960 χρήσιμος.
652 1908 758 1948 ἀλλὰ
787 1908 865 1958 μὴν
889 1909 948 1947 ὅτι
978 1912 1153 1949 τοιοῦτος
1183 1907 1294 1949 οὗτός
1323 1909 1433 1947 ἐστιν
1464 1908 1582 1947 εἰδότι

255 1992 319 2014 σοι
344 1974 501 2026 φράσω.
566 1975 638 2024 τὴν
664 1974 748 2014 καθ’
771 1973 998 2026 εΗγήμονος
1024 1976 1283 2026 εἰσαγγελίαν
1306 1973 1506 2025 μέμνησαι
1532 1974 1582 2014 ὡς

254 2040 437 2080 ἀπέδοτο·
487 2043 556 2081 τὰς
595 2043 692 2081 κατὰ
731 2041 917 2092 Δημάδου
956 2043 1114 2093 γραφὰς
1152 2040 1255 2080 οἶσθ’
1294 2041 1345 2081 ὡς
1384 2040 1580 2091 ἐξέλιπεν.

253 2109 323 2147 τὸν
353 2109 603 2158 ἐλαιοπώλην
633 2107 842 2160 Ἀγάθωνα
870 2107 994 2158 (ταυτὶ
1024 2110 1098 2160 γὰρ
1128 2110 1176 2147 τὰ
1206 2106 1354 2158 πρώην)
1382 2111 1491 2157 βοῶν
1521 2108 1583 2146 καὶ

256 2176 453 2226 κεκραγὼς
480 2175 543 2214 καὶ
573 2175 630 2214 ἰοὺ
657 2176 727 2223 ἰού,
756 2174 868 2215 πάντ’
893 2175 972 2215 ἄνω
998 2192 1037 2215 τε
1068 2175 1129 2214 καὶ
1156 2174 1258 2214 κάτω
1284 2177 1407 2214 ποιῶν
1433 2175 1475 2213 ἐν
1499 2177 1583 2214 ταῖς
1605 2189 1619 2217 3

297 2285 318 2313 6
349 2284 501 2324 ἀναγάγω
526 2284 556 2313 Λ
709 2294 747 2313 10
778 2285 841 2315 οὐδ’
867 2286 916 2315 ἐπὶ
945 2284 972 2313 Α
990 2284 1012 2312 F
1165 2294 1200 2321 ¹3
1232 2282 1356 2323 ἀνάγκη
1381 2306 1388 2312 .
1416 2306 1422 2312 .
1451 2306 1458 2312 .
1486 2281 1581 2321 eima]

255 2326 379 2367 ἀνάγκῃ
398 2351 404 2356 .
426 2350 432 2356 .
455 2351 460 2356 .
482 2327 560 2359 εἶναι
579 2330 628 2358 δεῖ
642 2327 671 2356 Α
809 2337 844 2365 14
870 2327 983 2367 λέγειν
1000 2329 1050 2359 καὶ
1069 2337 1132 2357 om.
1157 2327 1180 2356 F
1322 2327 1358 2356 18
1381 2325 1583 2367 φρονούντων

255 2369 285 2398 Λ
300 2369 323 2398 F
336 2371 358 2397 Η
378 2381 477 2409 marg.
495 2382 500 2401 :
528 2370 704 2401 ποιούντων
722 2369 758 2399 8¹
778 2371 818 2402 al.
976 2371 1016 2400 28
1042 2371 1237 2410 ἐξέλειπεζν>
1259 2369 1281 2399 S
1296 2369 1325 2399 Α
1479 2379 1519 2407 29
1542 2370 1583 2399 τὰ

255 2422 319 2442 om.
340 2412 369 2442 A
383 2413 407 2442 F
496 2415 546 2445 καὶ
564 2419 643 2444 ante
660 2415 822 2455 κεκραγὼς
840 2424 904 2443 om.
927 2414 950 2443 F

1607 856 1645 878 10

1608 1187 1642 1220 15

1606 1521 1643 1543 20

1606 1855 1641 1887 25
