1737 2734
74 141 192 196 [662]

71 1046 190 1100 [663]

127 1129 190 1163 129

649 144 1134 182 ΔΗΜΟΣΘΕΝΟΎΣ
1425 141 1549 194 [xxm

224 246 337 288 τίσας
362 247 540 286 τάκείνου
566 249 717 298 φρονεῖ.
788 247 832 286 οὐ
859 246 933 298 γάρ
958 248 1081 293 ἐστιν,
1111 248 1179 288 οὐκ
1205 248 1328 293 ἔστιν,
1357 246 1386 288 ὦ
1412 248 1549 300 ἄνδρες

224 311 439 362 Ἀθηναῖοι,
467 315 571 364 παρὰ
601 313 752 354 τούτοις
781 317 862 354 τοῖς
894 314 956 353 ἐπὶ
990 314 1036 369 τῇ
1069 316 1138 353 τοῦ
1169 318 1421 354 πλεονεκτεῖν
1453 331 1546 366 mco<

224 378 375 430 αιρέσει
416 380 534 428 ζῶσιν
573 380 685 419 οὐδὲν
725 380 813 420 οὔτε
852 379 1026 429 βέβαιον
1062 379 1144 419 οὔθ’
1184 381 1310 428 ὅσιον,
1347 382 1453 420 ἀλλὰ
1492 383 1552 421 δεῖ

224 446 383 490 τούτων,
410 447 521 486 ὅστις
554 445 594 485 εὖ
620 449 774 496 φρονεῖ,
802 447 1102 497 φυλαττόμενον
1136 449 1338 497 περιεῖναι,
1368 446 1421 497 μὴ
1451 464 1545 499 προ-

187 524 190 532 ¹
223 512 496 551 πιστεύσαντα
533 516 777 563 κατηγορεῖν.
850 514 884 552 εἰ
920 513 1064 557 τοίνυν,
1099 510 1128 552 ὦ
1162 512 1298 564 ἄνδρες
1332 512 1546 562 Ἀθηναῖοι,

223 577 450 618 τούναντίον
470 575 491 627 ἦ
512 579 682 628 τάληθὲς
707 578 886 631 ὑπάρχει,
910 580 1069 628 θείημεν
1093 579 1162 618 τὸν
1181 580 1409 630 Χαρίδημον
1432 579 1548 619 αὐτὸν

223 645 286 684 καὶ
311 646 551 696 γεγενῆσθαι
578 647 665 696 περὶ
692 645 791 695 ἡμᾶς
817 648 1034 685 σπουδαῖον
1060 646 1123 685 καὶ
1153 645 1254 685 εἶναι
1281 647 1343 685 καὶ
1368 646 1546 691 ἔσεσθαι,

224 712 285 751 καὶ
309 710 496 761 μηδέποτ’
517 711 647 760 ἄλλην
667 712 827 762 γνώμην
849 709 870 760 ἦ
889 712 1033 760 ταύτην
1054 711 1238 764 σχήσειν,
1261 712 1374 751 οὐδὲν
1393 715 1549 762 μᾶλλον

223 779 306 830 ἔχει
333 782 461 819 καλῶς
487 777 591 817 ταῦτ’
618 778 720 831 αὐτῷ
747 779 1027 830 ψηφίσασθαι.
1100 780 1132 818 εἰ
1157 781 1229 828 μὲν
1258 780 1334 829 γὰρ
1359 778 1420 818 ἐπ’
1445 779 1548 818 ἄλλο

223 861 260 884 τι
291 845 436 894 ταύτην
469 845 541 893 την
574 844 708 884 ἄδειαν
743 844 960 894 ἐλάμβανε,
987 845 1059 893 τὴν
1095 846 1135 884 ἐκ
1169 847 1237 884 τοῦ
1269 846 1546 896 ψηφίσματος,

224 908 245 960 ἢ
283 913 330 951 τὰ
367 911 682 962 Κερσοβλέπτου
720 911 942 963 πράγματα,
978 911 1095 960 ἧττον
1127 910 1174 950 ἂν
1210 910 1254 960 ἧν
1290 913 1431 951 δεινόν·
1480 915 1549 951 νῦν

223 977 277 1022 δέ,
312 979 409 1029 ὑπὲρ
443 978 487 1017 οὗ
525 977 819 1031 καταχρήσεται
851 984 899 1034 τῇ
935 978 999 1017 διὰ
1032 981 1099 1017 τοῦ
1131 979 1395 1029 ψηφίσματος
1429 984 1545 1018 πλεο-

223 1044 345 1097 νεξίᾳ,
385 1044 451 1084 οὐκ
490 1043 722 1094 ἀξιόπιστοι·
759 1044 840 1084 οὔθ’
878 1045 970 1095 ἡμῖν
1006 1044 1085 1083 οὔτ’
1123 1046 1256 1098 ἐκείνῳ
1293 1045 1548 1096 λογιζόμενος

222 1108 366 1162 [αὐτὸν]
391 1113 572 1162 εὑρίσκω.
646 1111 859 1164 σκέψασθε
888 1111 921 1152 δ’
947 1111 998 1152 ὡς
1024 1113 1180 1152 δικαίως
1206 1111 1338 1150 ἕκαστ’
1365 1110 1545 1161 ἐξετάζω,

222 1178 284 1216 καὶ
324 1179 482 1229 σφόδρα
521 1178 556 1229 γ’
598 1179 756 1220 εἰκότως
795 1178 941 1219 δεδιώς.
1015 1179 1093 1229 ἐγὼ
1129 1181 1266 1217 σκοπῶ
1309 1179 1449 1223 Κότυν,
1487 1179 1548 1218 ὅτι
1591 1194 1606 1224 5

221 1245 413 1294 κηδεστὴς
448 1244 494 1294 ἦν
518 1244 736 1296 Ἰφικράτει
766 1244 833 1284 τὸν
863 1244 980 1285 αὐτὸν
1013 1245 1160 1296 τρόπον
1193 1245 1312 1295 ὅνπερ
1338 1243 1547 1299 Χαριδήμῳ

224 1311 552 1362 Κερσοβλέπτης,
584 1313 646 1351 καὶ
671 1314 719 1350 τὰ
750 1311 993 1363 πεπραγμέν’
1019 1312 1094 1362 ὁρῶ
1129 1315 1267 1366 πολλῷ
1301 1312 1459 1361 μείζονα
1487 1313 1548 1352 καὶ

221 1377 382 1430 χάριτος
408 1379 592 1419 πλείονος
618 1377 692 1428 ἄξι’
715 1379 811 1430 ὑπὲρ
834 1379 981 1419 Κότυος
1002 1378 1218 1429 Ἰφικράτει
1236 1375 1259 1427 ἢ
1279 1379 1376 1429 ὑπὲρ
1394 1381 1546 1429 Κερσο-

219 1444 399 1494 βλέπτου
436 1444 660 1498 Χαριδήμῳ.
735 1445 978 1496 σκεψώμεθα
1012 1444 1044 1484 δ’
1077 1446 1236 1484 οὑτωσί.
1308 1445 1394 1484 ἴστε
1426 1443 1550 1494 δήπου

220 1511 337 1557 τοῦτ’,
365 1511 502 1561 ἄνδρες
528 1511 745 1561 Ἀθηναῖοι,
774 1513 833 1551 ὅτι
859 1513 1013 1564 χαλκῆς
1038 1512 1188 1552 εἰκόνος
1206 1512 1328 1560 οὔσης
1349 1510 1438 1562 παρ’
1458 1512 1549 1561 ὑμῖν

219 1577 434 1629 Ἰφικράτει
456 1579 518 1618 καὶ
545 1577 742 1628 σιτήσεως
771 1579 811 1618 ἐν
832 1579 1047 1632 πρυτανείῳ
1070 1578 1132 1617 καὶ
1157 1580 1328 1629 δωρειῶν
1349 1579 1409 1618 καὶ
1429 1581 1550 1628 τιμῶν

220 1644 370 1691 ἄλλων,
404 1644 451 1684 δι’
482 1646 526 1686 ἃς
562 1645 754 1694 εὐδαίμων
789 1646 936 1686 ἐκεῖνος
974 1645 1031 1694 ἦν,
1059 1646 1163 1694 ὅμως
1197 1645 1419 1695 ἐτόλμησεν
1454 1646 1549 1695 ὑπὲρ

219 1715 296 1751 τῶν
330 1712 477 1753 Κότυος
510 1711 750 1763 πραγμάτων
782 1712 940 1751 ἐναντία
968 1715 1049 1753 τοῖς
1082 1711 1282 1762 ὑμετέροις
1313 1715 1550 1762 στρατηγοῖς

220 1783 449 1832 ναυμαχεῖν,
479 1779 541 1818 καὶ
567 1779 654 1829 περὶ
682 1780 864 1819 πλείονος
893 1777 1106 1827 ἐποιήσατο
1133 1778 1203 1827 τὴν
1238 1779 1388 1817 ἐκείνου
1420 1795 1546 1827 σωτη-

218 1842 354 1895 ρίανῆ
386 1847 454 1886 τὰς
484 1846 737 1898 ὑπαρχούσας
773 1847 896 1899 ἑαυτῷ
933 1845 1022 1896 παρ’
1050 1845 1137 1894 ὑμῖν
1172 1844 1297 1894 τιμάς·
1339 1845 1400 1884 καὶ
1433 1845 1466 1884 εἰ
1497 1844 1549 1895 μὴ
1574 1860 1587 1880 2

219 1911 481 1963 μετριωτέραν
507 1912 650 1965 ἔσχετε
669 1912 740 1961 τὴν
761 1912 882 1963 ὀργὴν
905 1913 1011 1961 ὑμεῖς
1031 1914 1099 1960 τῆς
1127 1912 1275 1951 ἐκείνου
1301 1913 1548 1962 προπετείας,

221 1978 332 2019 οὐδὲν
369 1978 418 2018 ἂν
457 1978 574 2018 αὑτὸν
611 1979 782 2019 ἐκώλυεν
823 1979 1069 2018 ἀθλιώτατον
1110 1978 1327 2029 ἀνθρώπων
1366 1977 1551 2018 ἁπάντων

223 2044 335 2085 εἶναι.
402 2045 493 2086 ἀλλ’
519 2046 623 2095 ὅμως
650 2046 669 2084 ὁ
699 2046 836 2091 Κότυς,
865 2045 928 2085 ὑπ’
956 2045 1106 2085 ἐκείνου
1137 2045 1281 2086 σωθεὶς
1314 2045 1377 2084 καὶ
1410 2046 1552 2095 λαβὼν

223 2113 323 2166 ἔργῳ
356 2114 426 2162 τῆς
458 2113 608 2152 ἐκείνου
639 2114 778 2163 φιλίας
812 2116 964 2163 πεῖραν,
993 2111 1127 2161 ἐπειδὴ
1161 2112 1341 2161 βεβαίως
1374 2110 1552 2163 ἡγήσατο

265 2221 286 2250 6
311 2219 462 2261 ὑπάρχει]
482 2220 552 2259 ἔχει
572 2219 602 2249 Α
756 2230 791 2258 14
819 2222 915 2252 αὐτὸν
932 2219 1012 2251 secl.
1035 2219 1168 2250 Dobree
1274 2222 1398 2252 δικαιως
1417 2220 1440 2249 S
1457 2220 1554 2259 Signo

223 2263 453 2302 suprascripto
479 2263 531 2293 cui
557 2264 689 2301 signum
717 2264 749 2293 in
776 2264 925 2302 margine
950 2264 1145 2303 respondet,
1167 2263 1227 2293 sed
1252 2263 1333 2292 nihil
1356 2263 1551 2293 adnotatum

223 2313 283 2339 est.
306 2318 357 2337 me
375 2312 462 2337 teste
569 2317 610 2336 20
634 2308 744 2346 ἄνδρες
763 2307 920 2345 Ἀθηναῖοι
940 2307 963 2337 S
982 2307 1068 2345 vulg.
1087 2319 1092 2338 :
1118 2306 1140 2338 ὦ
1158 2307 1318 2343 Ἀθηναῖοι
1335 2306 1365 2336 Α
1383 2310 1433 2345 (ut
1449 2307 1551 2343 solet)

224 2360 264 2388 25
288 2349 359 2391 παρ’
378 2352 462 2389 ὑμῶν
480 2349 509 2379 Α
661 2351 703 2380 26
728 2352 814 2389 ὑμεῖς
832 2350 952 2389 ἔσχετε
971 2351 1031 2387 τὴν
1049 2350 1149 2390 ὀργὴν
1166 2350 1197 2379 Α
1346 2360 1386 2387 27
1414 2350 1553 2381 ἐκώλυεν

225 2393 248 2423 S
264 2405 268 2422 ῑ
297 2395 461 2425 ἐκώλυσεν
479 2398 568 2429 cett.‚
587 2393 629 2424 cs.
649 2394 669 2424 li
687 2403 708 2432 9
797 2394 966 2435 ἀνθρώπων
984 2393 1133 2424 ἁπάντων
1151 2394 1351 2425 ἀθλιώτατον
1368 2393 1398 2422 A

1570 532 1586 561 5

1574 861 1609 882 10

1572 1527 1610 1548 20
