1737 2734
111 131 228 184 [680]

111 239 231 293 [680]

166 513 229 554 ιβ

167 1465 231 1500 179

166 1854 231 1888 180

686 129 1171 167 ΔΗΜΟΣΘΕΝΟΎΣ
1466 123 1586 177 [xxm

265 237 447 286 σχνεῖται
476 233 726 284 παραδώσειν
758 233 828 272 ἔτι.
900 234 1004 282 λαβὲ
1035 232 1078 271 τὸ
1103 229 1285 283 ψήφισμ’
1311 229 1331 270 ὃ
1357 231 1450 283 πρὸς
1482 230 1589 271 ταῦθ’

266 301 372 349 ὑμεῖς
399 300 675 351 ἐψηφίσασθε.
746 299 854 350 λέγε.

824 431 1024 460 ΨΗΦῙΣΜΑ.

329 505 555 545 Ἐλθόντων
581 507 712 545 τοίνυν
737 508 836 555 μετὰ
861 509 982 544 ταῦτα
1005 509 1083 545 τῶν
1105 505 1318 556 πρέσβεων
1338 507 1392 547 εἰς
1413 504 1587 559 Θρᾴκην,

261 572 281 610 ὁ
305 574 377 622 μὲν
403 572 722 623 Κερσοβλέπτης
747 574 837 622 ὑμῖν
863 571 1096 612 ἐπιστέλλει
1120 573 1243 617 ταυτί,
1266 573 1328 611 καὶ
1355 571 1432 612 οὐδ’
1460 573 1590 612 ὁτιοῦν
1612 587 1627 617 5

743 638 773 651 δ’
813 639 818 650 1

262 639 459 690 ὡμολόγει
484 639 647 684 δίκαιον,
676 640 712 679 οἱ
740 652 759 678 0
800 643 924 689 ἑτεροι
950 640 1073 678 ταυτί.
1145 637 1230 689 λέγ’
1256 638 1401 680 αὐτοῖς.

818 770 1036 797 ΕΠΙΣΤΟΛΗ.

330 843 433 895 Λέγε
458 844 504 893 δὴ
530 844 601 894 τὴν
629 846 733 895 παρὰ
768 848 844 883 τῶν
878 844 1100 893 βασιλέων.
1175 845 1236 883 καὶ
1267 844 1446 884 σκοπεῖτ’
1474 846 1506 885 εἰ
1531 844 1592 896 ἄρ’

265 912 351 962 ὑμῖν
377 914 538 951 δοκοῦσι
563 914 685 961 μηδὲν
709 913 906 962 ἐγκαλεῖν.

819 1044 1036 1072 ΕΠΙΣΤΟΛΗ.

326 1116 471 1168 “Ορᾶτε
510 1117 572 1156 καὶ
610 1116 769 1162 συνίετ’,
811 1116 840 1157 ὦ
877 1117 1013 1168 ἄνδρες
1047 1117 1262 1166 Ἀθηναῖοι,
1298 1117 1369 1166 τὴν
1402 1118 1593 1169 πονηρίαν

263 1184 325 1223 καὶ
360 1184 431 1233 τὴν
468 1185 670 1232 ἀπιστίαν,
706 1184 757 1225 ὡς
793 1184 873 1224 ἄνω
912 1185 974 1224 καὶ
1012 1183 1126 1223 κάτω.
1198 1185 1242 1224 τὸ
1278 1188 1432 1235 πρῶτον
1470 1185 1592 1234 ἠδίκει

262 1251 557 1302 Κηφισόδοτον,
580 1249 702 1290 πάλιν
723 1252 920 1302 φοβηθεὶς
940 1251 1212 1302 Ἀθηνόδωρον
1232 1251 1448 1291 ἐπαύσατο·
1483 1252 1592 1293 αὖθις

263 1317 385 1367 ἠδίκει
420 1319 618 1368 Χαβρίαν,
655 1317 777 1358 πάλιν
812 1318 1011 1369 ὡμολόγει
1043 1317 1206 1369 Χάρητι.
1278 1317 1391 1358 πάντ’
1417 1318 1496 1358 ἄνω
1531 1320 1592 1358 καὶ

264 1383 366 1424 κάτω
391 1381 645 1435 [πεποίι]κει’],
676 1384 738 1423 καὶ
765 1384 878 1425 οὐδὲν
905 1386 1041 1427 ἁπλῶς
1067 1384 1157 1425 οὐδὲ
1183 1385 1341 1426 δικαίως
1367 1384 1547 1436 ἔπραξεν.

332 1452 444 1491 Μετὰ
470 1455 593 1491 ταῦτα
619 1452 750 1491 τοίνυν
781 1453 879 1491 ὅσον
914 1454 986 1502 μὲν
1020 1452 1166 1504 χρόνον
1192 1451 1214 1501 ἡ
1242 1451 1407 1502 ὑμετέρα
1432 1451 1592 1502 δύναμις

262 1520 390 1570 παρῆν
434 1519 475 1557 ἐν
512 1517 821 1572 Ἑλλησπόντῳ,
865 1519 1090 1559 κολακεύων
1134 1518 1197 1557 καὶ
1236 1519 1457 1569 φενακίζων
1495 1520 1593 1569 ὑμᾶς

260 1584 503 1637 διαγέγονεν·
547 1586 632 1625 ἐπεὶ
659 1585 692 1624 δ’
719 1584 795 1625 εἶδε
821 1584 994 1638 τάχιστα
1020 1585 1090 1625 τὸν
1113 1584 1422 1634 Ἑλλήσποντον
1448 1586 1594 1637 ἔρημον

260 1651 473 1701 δυνάμεως,
512 1651 624 1693 εὐθὺς
662 1653 852 1705 ἐνεχείρει
892 1651 1101 1692 καταλύειν
1139 1652 1200 1690 καὶ
1238 1651 1468 1702 ἀπαλλάξαι
1503 1652 1593 1694 τοὺς

260 1719 327 1758 δύο
369 1715 451 1770 [τῆς
493 1716 633 1772 ἀρχῆς]
677 1719 738 1758 καὶ
781 1722 915 1759 πᾶσαν
961 1719 1028 1770 ὑφ’
1070 1721 1193 1773 ἑαυτῷ
1238 1717 1484 1768 ποιήσασθαι
1521 1719 1594 1769 τὴν

261 1784 400 1839 ἀρχήν,
442 1785 542 1839 ἔργῳ
583 1788 722 1837 πεῖραν
761 1785 866 1839 ἔχων
904 1787 964 1825 ὅτι
1002 1789 1081 1826 τῶν
1121 1786 1216 1836 πρὸς
1254 1786 1352 1835 ὑμᾶς
1389 1786 1502 1826 οὐδὲν
1540 1786 1592 1837 μὴ

261 1854 406 1909 δυνηθῇ
439 1853 630 1903 πρότερον
662 1855 796 1899 λῦσαι,
824 1853 916 1904 πρὶν
948 1852 996 1893 ἂν
1030 1852 1184 1908 ἐκβάλῃ
1219 1852 1390 1894 τούτους.
1463 1854 1527 1893 ἵνα
1560 1852 1592 1892 δ’

262 1919 312 1960 ὡς
353 1920 483 1973 ῥᾷστα
524 1922 638 1959 τοῦτο
680 1918 874 1971 περάνειε,
919 1918 1117 1971 ψήφισμα
1159 1923 1311 1959 τοιοῦτο
1355 1918 1444 1970 παρ’
1486 1919 1593 1970 ὑμῶν

262 1987 394 2037 εὕρετο
424 1985 471 2036 ἐξ
500 1986 544 2025 οὗ
571 1985 810 2037 κυρωθέντος
840 1986 900 2031 ἄν,
929 1988 962 2026 εἰ
986 1987 1039 2037 μὴ
1065 1985 1113 2026 δι’
1138 1986 1238 2037 ἡμᾶς
1266 1987 1328 2026 καὶ
1352 1987 1497 2036 ταύτην
1521 1986 1593 2035 τὴν

262 2051 434 2104 γραφήν,
457 2053 636 2103 ἠδίκηντο
653 2055 726 2103 μὲν
743 2056 924 2105 φανερῶς
941 2055 976 2093 οἱ
997 2053 1064 2093 δύο
1080 2056 1159 2093 τῶν
1178 2052 1399 2103 βασιλέων,
1421 2053 1594 2106 ἡσυχίαν

309 2172 344 2192 11
372 2166 449 2192 ante
468 2164 561 2203 ὁρᾶτε
580 2162 655 2192 add.
670 2161 729 2203 ἆρα
743 2161 772 2192 Α
791 2174 796 2192 :
822 2161 881 2203 ἆρά
897 2161 930 2201 ’γ’
946 2162 978 2194 F.
996 2161 1067 2200 cs.§
1091 2172 1170 2192 122:
1196 2172 1259 2192 om.
1274 2161 1297 2193 S
1314 2161 1356 2193 al.
1499 2164 1593 2203 ὁρᾶτε

263 2207 331 2246 καὶ]
361 2205 421 2246 ἆρά
447 2219 487 2245 ’γε
517 2205 626 2235 Cobet
790 2215 827 2244 15
860 2207 1034 2242 πεποίηκεν
1057 2206 1137 2236 secl.
1166 2205 1276 2235 Cobet
1439 2206 1476 2235 18
1508 2206 1591 2245 ἐπεὶ]

265 2250 374 2287 ἐπειδὴ
393 2249 422 2278 Α
437 2249 460 2278 F
594 2249 658 2280 εἶδε
675 2272 683 2279 .
704 2272 711 2279 .
733 2274 740 2280 .
759 2248 893 2289 ἔρημον]
912 2249 1058 2289 τάχιστα
1077 2250 1192 2291 ἔρημον
1214 2253 1278 2281 τῶν
1297 2249 1462 2286 Ἑλλήνων
1479 2249 1542 2281 εἶδε
1560 2248 1591 2279 Α

270 2302 307 2330 19
331 2292 491 2331 δυνάμεως
507 2292 589 2323 secl.
609 2292 718 2323 Cobet
841 2294 1014 2324 καταλύειν
1031 2294 1082 2324 καὶ
1100 2292 1281 2332 ἀπαλλάξαι
1302 2293 1325 2323 S
1341 2291 1405 2322 FY
1418 2292 1469 2324 O:
1495 2305 1591 2324 κατα-

266 2335 367 2368 λύσας
383 2337 435 2367 καὶ
454 2335 641 2376 ἀπαλλάξας
660 2336 690 2365 Α
863 2346 906 2367 20
928 2342 986 2366 aut
1003 2338 1062 2373 τῆς
1080 2337 1181 2377 ἀρχῆς
1198 2336 1440 2366 secludendum
1459 2340 1515 2366 aut
1531 2337 1593 2373 τὴν

266 2379 394 2420 Θρᾴκην
412 2390 471 2418 pro
490 2381 550 2416 τὴν
567 2381 672 2420 ἀρχὴν
689 2379 904 2409 scribendum
923 2380 1053 2409 censuit
1073 2380 1207 2409 Dobree
1322 2380 1372 2411 καὶ
1390 2384 1469 2410 ante
1487 2381 1592 2411 πᾶσαν

265 2432 330 2452 om.
348 2423 378 2452 Α
513 2432 553 2456 22
577 2425 725 2454 τοιοῦτον
743 2428 818 2457 nost
836 2422 906 2459 παρ’
925 2425 1008 2462 ὑμῶν
1026 2422 1056 2452 Α

1619 1046 1654 1067 10

1616 1734 1654 1755 20

1616 2064 1652 2095 25
