1737 2734
145 135 264 189 xxm]
457 137 588 178 KAT’
631 138 1148 178 ΑΡΙΣΤΟΚΡΑΤΟΎΣ

727 262 882 291 ΝΟΜΟΣ.

194 330 282 370 Ἐάν
301 331 355 372 τίς
377 348 459 369 τινα
484 334 556 369 τῶν
579 331 815 380 ἀνδροφόνων
838 333 910 368 τῶν
935 329 1225 378 ἐξεληλυθότων,
1246 327 1295 366 ὧν
1316 328 1363 366 τὰ
1384 328 1471 378 χρή-

140 403 238 435 ματα
259 386 418 434 ἐπίτιμα,
439 386 533 434 πέρα
560 386 646 434 ὅρου
672 385 806 434 ἐλαύνῃ
833 384 857 434 ἦ
882 385 978 435 φέρῃ
997 383 1021 433 ἢ
1041 385 1126 435 ἄγῃ,
1146 385 1193 421 τὸ.
1213 383 1278 420 ἴσα
1305 382 1472 430 ὀφείλειν

140 441 213 478 ὅσα
232 457 301 489 περ
321 439 365 477 ἂν
386 443 424 478 ἐν
443 442 489 490 τῇ
508 440 680 490 ἡμεδαπῇ
700 439 832 489 δράσῃ.

562 554 581 570 Φ

102 574 119 604 5
201 556 355 597 Ἀλλος
393 556 518 602 οὗτος,
558 575 587 596 ω
626 555 764 607 ἄνδρες
801 554 1017 605 Ἀθηναῖοι,
1058 555 1175 605 νόμος
1217 554 1471 605 ἀνθρωπίνως

142 624 204 663 καὶ
238 626 367 664 καλῶς
402 624 589 673 κείμενος,
620 621 665 661 ὃν
698 623 883 673 παραβὰς
915 620 1027 662 οὗτος
1060 621 1202 671 ὁμοίως
1232 620 1469 673 φανήσεται.

140 689 209 729 ἐάν
242 690 300 731 τίς
333 706 420 729 τινα
452 693 528 729 τῶν
563 687 847 740 ἀνδροφόνων’
884 687 986 739 φησὶ
1021 690 1123 727 ’τῶν
1157 687 1469 738 ἐξεληλυθότων,

140 757 194 796 ὧν
229 757 277 795 τὰ
313 755 496 809 χρήματα
533 754 719 806 ἐπίτιμα.’
787 758 866 794 τῶν
904 753 965 794 ἐπ’
1003 754 1175 808 ἀκουσίῳ
1213 754 1324 808 φόνῳ
1361 753 1472 807 λέγει

140 823 454 873 μεθεστηκότων.
526 826 578 876 τῷ
620 824 733 861 τοῦτο
770 823 912 870 δῆλον;
961 824 1014 875 τῷ
1051 820 1084 859 τ’
1124 820 1472 871 ςε’ξ-ἐληλυθότων’

85 907 121 928 10
141 891 277 934 εἰπεῖν,
305 890 412 929 ἀλλὰ
444 888 495 940 μὴ
525 889 770 940 φευγόντων,
800 888 861 927 καὶ
895 890 948 941 τῷ
983 887 1165 939 διορίζειν
1193 888 1273 927 ’ὧν
1298 889 1345 927 τὰ
1374 886 1469 940 χρή-

140 973 245 1006 ματα
278 955 469 1007 ἐπίτιμα·’
508 959 586 995 τῶν
614 957 690 1007 γὰρ
725 955 766 994 ἐκ
799 955 986 1006 προνοίας
1021 953 1250 1004 δεδήμευται
1282 956 1330 993 τὰ
1363 956 1470 994 ὄντα.

142 1023 231 1074 περὶ
263 1025 335 1073 μὲν
365 1023 410 1072 δὴ
440 1025 518 1062 τῶν
554 1022 750 1062 ἀκουσίων
783 1020 830 1061 ἂν
864 1020 989 1073 λέγοι.
1062 1020 1174 1073 λέγει
1206 1023 1247 1060 δὲ
1279 1022 1334 1067 τί,·
1376 1022 1472 1061 ίἐὰν

141 1089 242 1141 πέρα
266 1089 383 1141 ὄρου’
409 1090 537 1141 φησὶν
566 1091 575 1105 ‘
592 1088 738 1144 ἐλαύνῃ
764 1085 786 1137 ἢ
814 1086 917 1143 φέρῃ
941 1084 964 1137 ἢ
992 1086 1096 1142 ἄγῃ.’
1157 1091 1274 1127 τοῦτο
1298 1086 1331 1127 δ’
1360 1088 1472 1128 ἐστὶν

141 1156 192 1201 τί,
218 1155 263 1195 τὸ
290 1158 299 1172 ‘
316 1155 417 1207 πέρα
442 1155 574 1205 ὅρου’,·
617 1155 705 1195 ἔστι
733 1157 857 1196 πᾶσιν
882 1155 972 1206 ὅρος
998 1158 1080 1196 τοῖς
1111 1154 1375 1206 ἀνδροφόνοις
1403 1156 1473 1205 τῆς

85 1239 121 1271 15
142 1226 210 1262 τοῦ
230 1222 425 1264 παθόντος
445 1224 650 1274 εἴργεσθαι
670 1223 870 1273 πατρίδος.
930 1222 972 1261 ἐκ
991 1222 1064 1271 μὲν
1083 1221 1129 1270 δὴ
1149 1221 1291 1271 ταύτης
1310 1222 1472 1262 δίδωσιν

142 1289 323 1329 ἐλαύνειν
348 1289 410 1329 καὶ
436 1288 560 1340 ἄγειν,
582 1288 683 1340 πέρα
707 1288 740 1328 δ’
763 1288 832 1328 οὐκ
857 1289 901 1343 ἐᾷ
926 1288 1075 1328 τούτων
1100 1286 1306 1339 οὐδέτερον
1330 1291 1470 1328 ποιεῖν.

142 1357 211 1396 ἐὰν
236 1355 279 1396 δέ
303 1373 361 1398 τις
386 1357 491 1408 παρὰ
515 1359 637 1396 ταῦτα
664 1361 769 1412 ποιῇ,
795 1354 867 1405 τὴν
897 1354 1018 1404 αὐτὴν
1049 1355 1194 1395 ἔδωκεν
1225 1355 1323 1406 ὑπὲρ
1355 1354 1473 1395 αὐτοῦ

142 1424 252 1473 δίκην
277 1423 400 1475 ἥνπερ
424 1422 472 1462 ἂν
498 1423 531 1462 εἶ
555 1421 710 1474 μένοντ’
731 1422 855 1472 ἠδίκει
879 1418 1019 1473 [οἵκοι],
1047 1421 1208 1474 γράψας
1232 1421 1338 1461 ταῦτ’
1358 1422 1469 1474 ὀφεί-

141 1495 227 1530 λειν
252 1489 352 1541 ἅπερ
376 1489 424 1530 ἂν
450 1491 549 1530 οἴκοι
580 1488 719 1545 δράσῃ.
792 1490 826 1529 εἰ
859 1487 905 1538 δή
931 1505 989 1529 τις
1019 1488 1135 1540 ἔροιτ’
1160 1487 1472 1540 Ἀριστοκράτην

84 1571 123 1592 20
142 1557 300 1596 τουτονί
327 1555 405 1606 (καὶ
437 1556 489 1606 μὴ
523 1555 703 1606 νομίσητ’
738 1555 874 1606 εὔηθες
906 1554 951 1595 τὸ
985 1554 1180 1607 ἐρώτημα)
1212 1558 1367 1607 πρῶτον
1398 1557 1472 1606 μὲν

143 1625 176 1664 εἰ
215 1623 318 1663 οἶδεν
358 1625 395 1664 εἵ
430 1640 488 1665 τις
527 1624 738 1664 ἀποκτενεῖ
772 1623 1013 1674 Χαρίδημον,
1052 1619 1075 1672 ἢ
1115 1623 1178 1662 καὶ
1216 1621 1351 1664 ἄλλως
1389 1639 1472 1664 πως

142 1688 385 1740 τελευτήσει,
404 1690 472 1730 οὐκ
491 1689 552 1736 ἄν,
572 1689 690 1740 οἶμαι,
710 1690 822 1742 φαίη.
883 1687 1060 1740 θήσομεν
1075 1690 1206 1730 τοίνυν
1226 1690 1470 1730 ἀποκτενεῖν.

142 1755 264 1797 πάλιν
295 1756 427 1805 οἶσθα,
464 1757 562 1797 ἑκὼν
598 1754 619 1806 ἢ
653 1756 771 1802 ἄκων,
808 1757 870 1796 καὶ
905 1753 1018 1805 ξένος
1050 1753 1072 1805 ἦ
1107 1757 1273 1806 πολίτης
1306 1757 1327 1795 ὁ
1359 1760 1472 1796 τοῦτο

142 1822 321 1873 ποιήσων
347 1824 480 1870 ἔσται;
519 1824 586 1864 οὐκ
612 1823 741 1864 ἔνεστ’
768 1824 893 1863 εἰπεῖν
919 1823 970 1864 ὡς
996 1822 1127 1863 οἶσθα.
1188 1823 1328 1863 οὐκοῦν
1351 1822 1472 1863 ταῦτά

84 1904 121 1936 25
141 1907 188 1942 γε
221 1889 347 1941 δήπου
380 1892 556 1941 προσῆκε
589 1889 744 1942 γράψαι
771 1892 780 1907 ‘
797 1889 866 1929 ἐάν
894 1906 953 1931 τις
985 1890 1197 1945 ἀποκτείνῃ
1224 1889 1468 1942 ’γράφοντα,

141 1956 246 1997 ἄκων
279 1954 302 2007 ἢ
337 1957 447 2003 ἑκών,
475 1958 616 1999 ἀδίκως
649 1953 672 2006 ἢ
707 1957 876 2002 δικαίως,
908 1954 1021 2006 ξένος
1053 1953 1076 2006 ἦ
1109 1957 1289 2007 πολίτης,
1316 1956 1365 1997 ἵν’
1394 1957 1471 2011 ὅτῳ

142 2026 238 2064 ποτὲ
274 2024 440 2076 τοῦργον
478 2023 670 2076 ἐπράχθη,
707 2023 831 2077 τούτῳ
870 2024 919 2062 τὰ
956 2024 998 2063 ἐκ
1038 2027 1115 2063 τῶν
1152 2023 1282 2074 νόμων
1320 2024 1472 2076 ὑπῆρχε

143 2092 284 2137 δίκαια,
310 2090 362 2141 μὴ
387 2092 441 2141 μὰ
469 2090 539 2131 Δί’
564 2090 658 2130 αὐτὸ
688 2089 732 2129 τὸ
761 2092 830 2139 τῆς
860 2090 986 2131 αἰτίας
1017 2089 1126 2140 ὄνομ’
1150 2090 1312 2130 εἰπόντα
1339 2092 1349 2108 ‘
1366 2090 1469 2142 ἀγώ-

186 2211 205 2230 2
228 2214 302 2232 τινα
317 2210 381 2230 om.
404 2199 512 2230 SYO
602 2209 621 2237 3
646 2200 665 2236 ἢ
684 2198 763 2240 φέρῃ
780 2198 860 2230 secl.
882 2198 1110 2236 Herwerden,
1128 2199 1168 2229 cf.
1189 2202 1204 2236 ξ
1224 2200 1266 2237 46
1346 2199 1471 2239 ὀφείλει

144 2243 168 2274 S
199 2249 289 2284 (cum
322 2245 420 2282 signo
452 2243 679 2273 adnotationis
711 2243 763 2272 cui
797 2241 878 2272 nihil
911 2242 1098 2281 respondet
1130 2243 1162 2272 in
1196 2243 1362 2282 margine)
1398 2242 1470 2273 ΥΟ

145 2297 185 2317 10
215 2287 404 2328 φευγόντων
437 2287 523 2317 SA:
558 2286 770 2327 πεφευγότων
800 2285 890 2324 vulg.
924 2285 1105 2315 Minuciam.
1140 2285 1205 2316 Rh.
1239 2286 1296 2316 Gr.
1328 2287 1362 2316 ix
1393 2288 1467 2326 611,

142 2330 183 2361 cf.
205 2333 220 2367 ξ
240 2339 279 2369 77
430 2340 468 2369 13
492 2331 512 2368 ἢ
529 2329 608 2371 φέρῃ
625 2329 704 2360 secl.
727 2329 943 2360 Herwerden
1098 2329 1136 2359 18
1160 2331 1240 2360 οἴκοι
1257 2328 1338 2360 secl.
1359 2329 1467 2367 31355,

142 2374 183 2403 cf.
203 2374 283 2403 xxiv
304 2384 364 2412 149
452 2376 556 2406 ταῦτα
573 2373 596 2403 S
608 2374 638 2403 Α
651 2372 681 2402 Y
693 2371 724 2403 O
823 2382 863 2402 22
888 2372 1088 2404 ἀποκτείνειν
1106 2372 1130 2403 S
1148 2372 1241 2403 solus
1331 2382 1371 2411 25
1394 2372 1470 2414 γρά-

142 2424 246 2457 φοντα
261 2428 326 2447 om.
349 2417 373 2447 F

188 2481 374 2511 DEMOSTH.,
394 2482 472 2504 VOL.
492 2482 529 2504 11.
1301 2472 1337 2502 11

1501 133 1620 190 [634]

1501 701 1544 738 45

1503 1217 1619 1272 [635]

1502 1500 1545 1534 47
