1737 2734
169 125 264 175 xxvj
424 125 555 164 KAT'
606 125 1153 164 APIETOFEITONOE
1201 127 1234 163 A
1524 125 1631 180 [791]

1294 228 1394 242 n’u

167 232 241 283 γὰρ
274 230 382 281 οἶμαι
418 232 498 271 δεῖν
534 231 644 281 ὑμᾶς,
679 230 815 282 ὥσπερ
847 228 894 269 ἂν
929 230 962 270 εἰ
994 229 1112 283 χρέος
1145 231 1332 269 ἐσκοπειτ
1379 231 1491 279 ιδιον,

167 298 288 338 οὕτως
323 296 508 348 ἐξετάσαι
538 300 676 337 τοῦτον
707 298 769 337 καὶ
798 299 845 336 τὰ
877 298 1030 337 τουτουὶ
1063 300 1131 336 τοῦ
1164 297 1317 348 ἀγῶνος
1350 296 1490 336 δίκαια.

168 365 201 404 εἰ
225 364 357 404 τοίνυν
382 381 439 405 τις
465 364 643 415 ὀφείλειν
667 363 741 403 τιν’
766 363 900 420 ᾐτιᾶτο
930 362 1125 416 χρήματα,
1155 364 1175 402 ὁ
1208 363 1240 403 δ’
1265 362 1432 413 ἠρνεῖτο,
1460 363 1494 402 εἰ

165 433 240 481 μὲν
265 430 468 482 ἐφαίνονθ’
494 431 537 470 αἵ
566 447 608 470 τε
639 432 831 480 συνθῆκαι
866 430 949 469 καθ’
975 431 1021 471 ἃς
1054 431 1287 470 ἐδανείσατο
1321 429 1494 479 κείμεναι

129 516 147 547 5
169 497 230 536 καὶ
260 499 296 537 οἱ
327 497 507 539 τεθέντες
534 498 618 549 ὅροι
649 498 872 547 ἑστηκότες,
900 496 970 536 τὸν
1001 496 1241 548 ἀρνούμενον
1264 494 1420 548 ἡγεῖσθ’
1445 495 1494 536 ἂν

167 566 304 614 ἀναιδῆ
341 564 539 614 δηλονότι,
574 565 608 604 εἰ
641 563 674 603 δ’
709 563 934 620 ἀνῃρημένα
966 567 1100 608 ταῦτα,
1135 563 1204 603 τὸν
1236 564 1492 614 ἐγκαλοῦντα·

166 631 267 670 οὕτω
282 634 403 670 ταῦτα
421 629 610 682 πέφυκεν.
671 631 751 671 εἰσὶ
775 632 907 670 τοίνυν
929 631 983 670 ὧν
1007 630 1316 681 Ἀριστογείτων
1336 630 1493 681 ὀφείλει
1525 646 1570 681 70

168 698 212 752 τῇ
249 697 365 738 πόλει
403 699 595 747 συνθῆκαι
629 699 703 747 μὲν
752 699 788 737 οἱ
825 698 951 747 νόμοι,
992 696 1076 736 καθ’
1115 696 1181 737 οὓς
1224 695 1495 748 ἐγγράφονται

167 763 310 805 πάντες
337 765 374 803 οἱ
398 763 729 815 ὀφλισκάνοντες,
756 765 849 815 ὅρος
880 763 912 803 δ’
937 764 960 813 ἡ
996 763 1110 804 σανὶς
1143 763 1166 813 ἡ
1201 764 1305 814 παρὰ
1337 768 1386 819 τῇ
1418 764 1494 816 θεῷ

111 848 150 869 ιο
169 829 336 880 κειμένη.
414 832 447 870 εἰ
479 832 552 881 μὲν
585 830 651 870 οὖν
685 828 874 886 ἀνῄρηται
906 834 1027 870 ταῦτα
1061 829 1123 869 καὶ
1155 828 1418 880 ἐξαλήλιπται
1450 831 1495 868 τὸ

167 898 342 948 ὄφλημα,
378 897 490 947 ἡμεῖς
521 900 729 948 ληροῦμεν,
763 900 922 947 μᾶλλον
955 899 995 937 δὲ
1028 897 1271 949 ψευδόμεθα·
1311 897 1346 936 εἶ
1377 895 1410 935 δ’
1440 894 1495 936 ἔτ’

167 963 256 1003 ἔστι
288 964 350 1003 καὶ
387 963 501 1003 ἔσται
531 962 714 1015 τέωσπερ
746 963 796 1003 ἂν
828 965 987 1019 ἐκτείσῃ
1025 965 1194 1014 κείμενα,
1233 962 1345 1003 οὗτος
1381 962 1496 1002 οὐδὲν

167 1030 313 1080 ἀληθὲς
344 1029 468 1081 λέγει,
501 1030 592 1069 ἀλλ’
624 1031 751 1070 ἀδικεῖ
782 1032 843 1070 καὶ
878 1032 985 1070 δεινὰ
1018 1033 1124 1070 ποιεῖ
1153 1030 1202 1069 τὰ
1236 1031 1346 1069 κοινὰ
1379 1029 1494 1069 δίκαι’

167 1097 374 1149 ἀφανίζειν
391 1098 614 1150 ἐπιχειρῶν.
675 1096 718 1136 οὐ
733 1096 822 1149 γάρ,
841 1097 940 1147 εἰμὴ
959 1100 1037 1136 πᾶν
1053 1098 1152 1136 ὅσον
1171 1094 1309 1148 ὦφλεν
1324 1096 1492 1148 ὀφείλει,
1525 1108 1567 1144 7ῐ.

110 1179 148 1212 15
168 1166 237 1203 νῦν
260 1163 283 1213 ἡ
310 1164 439 1215 κρίσις
463 1163 543 1204 οὐδ’
571 1164 591 1203 ὁ
615 1163 751 1215 λόγος,
778 1163 870 1203 ἀλλ’
896 1164 929 1203 εἰ
955 1164 1124 1215 ὀφείλει.
1195 1159 1218 1212 ἢ
1245 1161 1354 1203 δεινά
1386 1161 1422 1214 γ’
1447 1162 1496 1202 ἂν

167 1229 331 1270 πάθοιεν
366 1231 403 1270 οἱ
435 1230 616 1284 δραχμὴν
648 1229 963 1282 ἐγγεγραμμένοι
993 1231 1130 1280 μόνην,
1165 1231 1212 1275 εἰ,
1247 1229 1346 1269 διότι
1377 1230 1496 1281 μικρὰ

170 1297 233 1336 καὶ
256 1296 370 1337 οὐδὲν
394 1295 640 1347 ἠδικήκασιν,
668 1297 831 1350 ἰσχύσει
855 1296 900 1336 τὸ
925 1297 1107 1349 ὀφείλειν
1140 1295 1222 1335 κατ’
1247 1296 1388 1336 αὐτῶν·
1426 1296 1496 1335 ἐὰν

168 1363 212 1403 δέ
235 1380 294 1406 τις
317 1362 461 1415 μεγάλ’
485 1363 677 1414 ἠδικηκὼς
704 1362 741 1419 ᾗ,
768 1365 862 1414 μίαν
896 1363 976 1405 θεὶς
1000 1360 1022 1413 ἢ
1050 1363 1117 1403 δύο
1144 1364 1373 1413 καταβολὰς
1406 1363 1489 1402 ἐπί-

168 1446 278 1480 τιμος
307 1430 435 1470 ἔσται.
520 1431 578 1471 ἔτι
607 1431 737 1470 τοίνυν
770 1429 849 1482 τρί’
876 1430 988 1470 ἐστὶν
1019 1432 1069 1469 τὰ
1098 1428 1299 1482 ὀφλήμαθ’
1325 1429 1350 1469 ἃ
1379 1428 1491 1481 ἐγγέ·

110 1515 148 1536 20
169 1513 341 1548 γραπται
362 1498 423 1537 καὶ
443 1496 508 1549 ἐφ’
528 1497 585 1538 οἷς
606 1497 855 1537 ἐνδέδεικται.
916 1498 963 1536 τὰ
981 1498 1053 1548 μὲν
1072 1496 1118 1546 δὴ
1139 1496 1195 1536 δύ’
1216 1497 1258 1536 ἐν
1278 1496 1495 1552 ἀπογραφῇ

169 1564 391 1613 πεποίηται,
426 1563 470 1603 τὸ
504 1563 537 1603 δ’
571 1563 613 1603 ἓν
645 1563 724 1603 οὐδ’
755 1563 1068 1615 ἀπογέγραπται,
1099 1563 1206 1603 ἀλλὰ
1237 1563 1495 1613 βουλεύσεως

168 1630 236 1671 τὸν
269 1630 551 1680 Ἀλωπεκῆθεν
584 1630 807 1683 Ἀρίστωνα
843 1631 984 1670 διώκει.
1056 1631 1132 1675 ναί,
1168 1630 1309 1682 φησίν·
1353 1630 1494 1672 ἀδίκως
1525 1643 1568 1676 72

169 1696 245 1749 γάρ
272 1696 312 1748 μ’
344 1696 608 1749 ἐγγέγραφεν.
679 1699 740 1737 δεῖ
769 1696 814 1747 δή
849 1714 910 1743 σε,
939 1697 990 1739 ὡς
1023 1697 1163 1746 ἔοικεν,
1191 1697 1301 1746 δίκην
1332 1699 1491 1747 λαβεῖν.

170 1764 307 1804 οὐκοῦν
330 1765 524 1816 ὑποσχεῖν
544 1767 698 1816 πρῶτον
719 1764 781 1804 καὶ
803 1768 935 1814 μεῖναι
959 1765 1000 1804 ἐν
1026 1764 1083 1805 οῖς
1102 1763 1302 1804 πέπονθας
1325 1762 1489 1815 ἀνάγκη.

110 1827 193 1880 25ἦ
227 1831 333 1872 τίνος
363 1829 489 1882 λήψει
521 1831 650 1880 δίκην,·
694 1832 728 1871 εἰ
762 1833 837 1882 γὰρ
869 1830 1004 1881 ἔξεστί
1035 1847 1101 1870 σοι
1129 1829 1245 1870 πάνθ’
1280 1829 1379 1881 ἅπερ
1411 1832 1493 1871 τοῖς

170 1896 324 1944 ἄλλοις,
349 1898 391 1937 τί
411 1897 616 1947 ἠδίκησαι;
651 1897 750 1950 φέρε
774 1898 820 1947 δὴ
839 1897 936 1950 πρὸς
960 1900 1059 1938 θεῶν
1086 1898 1241 1937 κάκεῖνο
1266 1895 1491 1948 σκέψασθε.
1525 1876 1641 1931 [79²]

169 1962 218 2003 ἂν
251 1964 322 2019 ἕλῃ
351 1963 421 2003 τὸν
446 1963 669 2015 Ἀρίστωνα
701 1967 770 2014 τῆς
802 1963 1071 2014 βουλεύσεως,
1097 1965 1138 2004 τί
1167 1963 1300 2009 ἔσται;
1338 1961 1491 2012 ἐξαλει-
1525 1941 1569 1976 73

580 2031 589 2044 ‹
614 2029 644 2043 (N,
672 2031 681 2043 7

170 2028 369 2081 φθήσεται
390 2030 434 2079 νὴ
457 2030 549 2075 Δία,
571 2048 591 2069 ο
612 2044 631 2069 ο
663 2029 1047 2083 αντεγγραφήσεται·
1081 2033 1202 2070 ταῦτα
1227 2031 1303 2082 γὰρ
1321 2031 1358 2069 οἱ
1383 2029 1495 2079 νόμοι

168 2095 374 2148 λέγουσιν.
449 2101 589 2138 καλῶς.
663 2097 827 2148 πότερον
860 2097 928 2137 οὖν
963 2097 1040 2136 ἀπὸ
1073 2097 1215 2146 ταύτης
1247 2098 1316 2146 τῆς
1348 2095 1495 2146 ἡμέρας

218 2217 253 2236 10
278 2209 381 2238 ταῦτα
396 2216 461 2237 om.
481 2206 504 2236 S
522 2206 614 2237 solus
745 2217 781 2236 12
807 2206 930 2247 ἕωσπερ
948 2206 977 2235 O
990 2205 1021 2235 A
1039 2215 1121 2236 corr.
1142 2205 1172 2235 Y
1191 2215 1273 2236 corr.
1366 2204 1497 2243 κείμενα

172 2250 327 2280 Dobree:
360 2251 412 2281 καὶ
435 2252 527 2288 μενεῖ
548 2250 666 2280 codd.:
699 2251 778 2280 secl.
797 2250 906 2280 Cobet
1070 2258 1106 2287 15
1136 2249 1199 2280 οὐδ’
1218 2251 1234 2279 ὁ
1258 2247 1358 2288 λόγος
1382 2258 1445 2277 om.
1464 2247 1495 2277 A

171 2293 247 2324 ἀλλ’
261 2294 290 2324 εἷ
302 2293 427 2333 ὀφείλει
439 2303 505 2324 om.
518 2292 562 2324 S:
589 2294 668 2324 add.
681 2293 771 2332 vulg.
788 2293 811 2323 S
822 2306 872 2334 γρ.
986 2293 1024 2322 16
1048 2293 1197 2332 δραχμὴν
1208 2291 1253 2322 S:
1282 2292 1332 2322 διὰ
1348 2291 1496 2331 δραχμὴν

172 2335 197 2365 F
211 2335 240 2366 Y
253 2336 282 2366 O
299 2347 306 2365 x
330 2337 380 2368 διὰ
398 2337 546 2377 δραχμὴν
561 2337 637 2376 μίαν
654 2336 685 2365 Α
832 2346 869 2365 21
898 2334 925 2367 δ’
943 2334 993 2375 ἓν]
1011 2335 1038 2366 δ’
1057 2348 1111 2366 ουν
1129 2336 1162 2366 ἑν
1180 2334 1203 2364 S
1317 2333 1389 2365 οὐδὲ
1406 2333 1430 2363 S
1443 2333 1472 2363 Y
1489 2344 1495 2363 :

170 2380 227 2410 οὐκ
244 2384 321 2408 cett.
459 2389 500 2418 25
525 2381 629 2411 ποΐειν
647 2384 720 2418 post
738 2378 845 2410 πάντα
860 2379 936 2409 add.
958 2378 981 2408 S
998 2377 1040 2409 al.
1057 2389 1062 2408 z
1089 2387 1152 2408 om.
1175 2375 1212 2407 Fl
