1737 2734
115 867 219 923 1801]

199 1087 215 1110 [a

197 1487 215 1520 <aa

844 423 982 461 XXVI

502 542 664 584 KATA
716 538 1245 585 ΑΡΙΣΤΟΓΕΙΤΟΝΟΣ
1294 542 1330 584 Β

309 669 404 710 ’Ότι
436 672 509 721 μὲν
537 672 671 711 τοίνυν
701 671 763 710 καὶ
795 671 952 722 ὀφείλει
984 671 1036 724 τῷ
1069 672 1245 724 δημοσίῳ
1272 669 1578 723 Ἀριστογείτων

250 737 387 777 οὑτοσὶ
429 737 492 777 καὶ
534 737 602 776 οὐκ
644 737 754 777 ἔστιν
796 738 986 786 ἐπίτιμος,
1029 737 1092 776 καὶ
1134 738 1170 777 οἱ
1213 738 1325 787 νόμοι
1368 736 1578 789 διαρρήδην

251 804 568 855 ἀπαγορεύουσιν
602 803 653 854 μὴ
692 802 837 854 ἐξεῖναι
873 802 1009 854 λέγειν
1041 807 1124 845 τοῖς
1160 803 1362 849 τοιούτοις,
1398 808 1578 855 φανερῶς

252 869 521 915 ἐπιδέδεικται,
563 868 592 910 ὦ
632 870 768 922 ἄνδρες
808 870 1024 919 Ἀθηναῖοι.
1096 873 1156 910 δεῖ
1192 869 1225 909 δ’
1264 871 1361 920 ὑμᾶς
1401 869 1578 912 ἅπαντας

249 940 323 986 μὲν
359 938 559 989 ἀπείργειν
598 937 660 976 καὶ
698 936 863 976 κωλύειν
898 936 988 978 τοὺς
1025 940 1361 988 παρανομοῦντας,
1397 936 1499 976 πολὺ
1535 939 1578 976 δὲ

247 1003 426 1052 μάλιστα
443 1004 533 1045 τοὺς
559 1005 601 1044 ἐν
620 1007 704 1044 ταῖς
729 1004 869 1057 ἀρχαῖς
895 1005 1011 1045 ὄντας
1037 1003 1100 1042 καὶ
1124 1003 1213 1044 τοὺς
1234 1002 1574 1053 πολιτευομένους·

249 1072 310 1109 διὰ
347 1072 422 1121 γὰρ
457 1070 617 1112 τούτους
653 1072 701 1109 τὰ
739 1071 848 1110 κοινὰ
885 1071 947 1110 καὶ
983 1069 1242 1120 βλάπτεσθαι
1279 1069 1468 1121 πέφυκεν,
1507 1071 1575 1110 ἐὰν

248 1134 324 1176 ὦσι
358 1141 517 1189 φαῦλοι,
556 1137 617 1177 καὶ
649 1139 697 1176 τὰ
728 1136 900 1188 μέγιστα
932 1136 1054 1176 πάλιν
1087 1137 1346 1188 ὠφελεῖσθαι,
1375 1137 1443 1176 ἐὰν
1475 1134 1575 1176 ὦσιν

249 1204 431 1246 ἐπιεικεῖς
458 1204 520 1244 καὶ
546 1204 718 1244 θέλωσιν
745 1203 927 1254 ἐμμένειν
956 1207 1038 1245 τοῖς
1069 1203 1216 1252 νόμοις.
1289 1202 1340 1244 ὡς
1371 1204 1439 1243 ἐὰν
1469 1202 1578 1253 ἅπαξ

248 1273 344 1310 δῶτε
365 1274 446 1312 τοῖς
471 1271 568 1321 ὑπὲρ
591 1274 669 1310 τῶν
696 1274 834 1310 κοινῶν
860 1271 1090 1322 ἐγχειροῦσί
1110 1287 1147 1309 τι
1167 1268 1353 1320 πράττειν
1378 1270 1423 1309 τὸ
1447 1286 1570 1321 παρα-

249 1340 383 1387 νομεῖν
408 1337 472 1377 καὶ
498 1341 762 1388 καταφρονεῖν
786 1340 865 1377 τῶν
896 1336 1127 1387 ὡρισμένων
1158 1337 1330 1381 δικαίων,
1359 1337 1573 1389 ἀναγκαῖόν

248 1405 360 1443 ἐστιν
401 1403 577 1445 ἅπαντας
618 1403 835 1444 ἀπολαύειν
875 1403 966 1444 τοὺς
1011 1402 1252 1456 μετέχοντας
1294 1406 1363 1453 τῆς
1404 1404 1570 1445 πόλεως.

248 1471 384 1521 ὥσπερ
416 1472 489 1522 γὰρ
523 1474 600 1510 τῶν
632 1472 675 1510 ἐν
705 1474 791 1512 ταῖς
824 1470 966 1510 ναυσὶν
998 1469 1286 1522 ἁμαρτημάτων
1310 1471 1334 1510 ἃ
1360 1471 1575 1521 συμβαίνει

250 1537 336 1587 περὶ
360 1537 450 1579 τοὺς
470 1540 606 1582 πλοῦς,
628 1538 723 1576 ὅταν
746 1539 818 1588 μὲν
839 1541 914 1576 τῶν
935 1541 1087 1577 ναυτῶν
1106 1553 1164 1578 τις
1184 1536 1349 1592 ἁμάρτῃ,
1377 1541 1574 1590 βραχεῖαν

248 1603 318 1652 τὴν
359 1603 527 1654 βλάβην
565 1604 743 1655 ἤνεγκεν,
785 1605 880 1644 ὅταν
919 1603 951 1643 δ’
992 1605 1012 1643 ὁ
1052 1602 1295 1655 κυβερνήτης
1335 1604 1570 1660 ἀποσφαλῇ,
1617 1619 1631 1649 ,-

249 1669 383 1720 κοινὴν
419 1670 489 1720 τὴν
526 1671 691 1724 ἀτυχίαν
729 1670 855 1710 ἅπασι
888 1674 970 1711 τοῖς
1004 1669 1224 1720 ἐμπλέουσι
1259 1670 1570 1722 παρεσκεύασεν,

249 1736 436 1779 ὡσαύτως
455 1739 503 1776 τὰ
527 1739 599 1787 μὲν
618 1741 696 1777 τῶν
716 1738 879 1777 ἰδιωτῶν
900 1736 1158 1788 ἁμαρτήματα
1178 1737 1246 1776 οὐκ
1268 1738 1323 1778 εἰς
1342 1736 1386 1776 τὸ
1406 1739 1570 1787 πλῆθος,

249 1805 303 1844 εἰς
335 1803 368 1843 δ’
393 1803 532 1844 αὐτοὺς
558 1803 698 1855 ἤνεγκε
723 1805 792 1845 τὰς
817 1803 996 1854 βλάβας,
1023 1806 1071 1843 τὰ
1104 1806 1145 1843 δὲ
1169 1807 1247 1843 τῶν
1273 1804 1479 1856 ἀρχόντων
1510 1805 1573 1844 καὶ

248 1869 564 1921 πολιτευομένων
581 1872 635 1911 εἰς
652 1870 825 1911 ἅπαντας
847 1871 1082 1922 ἀφικνεῖται.
1142 1870 1201 1910 διὸ
1224 1870 1370 1912 καὶτὰς
1389 1871 1574 1922 τιμωρίας

248 1937 269 1975 ὁ
289 1937 427 1977 Σόλων
452 1941 535 1978 τοῖς
559 1939 631 1987 μὲν
657 1938 828 1978 ἰδιώταις
855 1939 1019 1987 ἐποίησε
1045 1937 1247 1988 βραδείας,
1270 1940 1354 1978 ταῖς
1380 1936 1413 1976 δ’
1434 1937 1574 1990 ἀρχαῖς

249 2004 310 2044 καὶ
335 2007 416 2046 τοῖς
440 2006 691 2056 δημαγωγοῖς
719 2005 894 2057 ταχείας,
921 2003 1219 2055 ὑπολαμβάνων
1249 2007 1330 2046 τοῖς
1364 2005 1436 2055 μὲν
1465 2003 1571 2044 ἐνδέ-

290 2122 310 2150 3
335 2114 370 2144 ἐν
385 2116 428 2151 τῷ
446 2112 533 2152 δήμῳ
553 2118 627 2151 post
645 2113 899 2154 ἀπαγορεύουσιν
916 2113 992 2143 add.
1014 2112 1042 2142 Λ
1057 2112 1100 2142 F:
1127 2123 1191 2143 om.
1214 2112 1236 2142 S
1255 2113 1296 2143 al.
1506 2123 1526 2150 4
1551 2112 1573 2144 ὦ

248 2157 357 2197 ἄνδρες
375 2157 532 2193 Ἀθηναῖοι
547 2156 570 2185 S
583 2156 613 2186 Y
626 2156 656 2186 O
673 2169 679 2187 z
703 2157 726 2187 ὧ
745 2158 892 2188 δικασταὶ
909 2157 937 2186 Α
955 2168 960 2186 z
979 2158 1087 2197 ἄνδρες
1102 2158 1247 2188 δικασταὶ
1264 2156 1289 2186 F
1379 2165 1397 2195 5
1415 2156 1573 2197 ἀνείργειν

250 2199 348 2229 Blass
363 2199 437 2229 coll.
459 2209 527 2229 xxv
544 2200 584 2237 48
711 2201 730 2229 8
754 2200 851 2231 πάλιν
869 2210 931 2230 om.
953 2199 989 2229 S¹
1119 2209 1157 2230 10
1180 2214 1210 2230 τι
1229 2210 1292 2230 om.
1315 2199 1339 2230 F
1453 2209 1490 2230 12
1514 2201 1573 2236 τῆς

247 2242 371 2273 τούτων
388 2243 498 2274 κακίας
516 2247 593 2281 post
611 2243 785 2274 ἀπολαύειν
804 2244 878 2273 add.
897 2243 920 2273 S
938 2253 1023 2273 corr.
1041 2243 1071 2273 Y
1087 2256 1138 2283 γρ.
1154 2243 1177 2272 F
1190 2256 1240 2283 γρ.
1336 2252 1372 2282 15
1398 2245 1572 2284 ἀποσφαλῇ

248 2286 294 2315 S:
327 2286 501 2327 ἀποσφαλῇ
526 2287 545 2323 ἢ
571 2286 725 2328 διαμάρτῃ
752 2286 925 2317 AFYO:
962 2289 1072 2326 σφαλῆ
1098 2287 1248 2325 Apsines
1273 2285 1338 2316 Rh.
1367 2286 1424 2316 Gr.
1452 2287 1484 2316 ix
1510 2296 1571 2324 527

251 2331 289 2358 16
321 2328 520 2367 συμπλέουσι
546 2328 613 2358 AF
746 2330 985 2369 παρεσκεύασεν
1010 2320 1182 2360 ΞᾸΥΟε
1215 2329 1453 2360 κατεσκεύασεν
1479 2328 1503 2358 F
1526 2329 1568 2359 al.

250 2381 289 2409 19
314 2376 388 2410 post
405 2371 548 2404 ἅπαντας
565 2373 639 2403 add.
661 2376 738 2411 ὑμᾶς
758 2373 781 2403 F
793 2373 822 2403 O
839 2385 845 2403 :
871 2375 955 2412 ὑμῶν
972 2373 1002 2403 Α
1157 2383 1199 2402 20
1223 2377 1298 2411 post
1316 2372 1424 2405 Σόλων
1440 2377 1571 2411 septem

246 2420 365 2445 octove
383 2414 515 2445 litterae
533 2426 650 2446 erasae
668 2417 701 2446 in
720 2416 744 2446 S
878 2417 1026 2458 βραδείας
1042 2421 1120 2447 ante
1139 2416 1269 2453 ἐποίησε
1288 2414 1313 2445 F
1329 2415 1480 2455 Apsines

1599 953 1614 983 5

1599 1284 1635 1306 10

1598 1952 1635 1975 20
