1737 2734
85 144 201 197 [566]
655 147 1140 185 ΔΗΜΟΣΘΕΝΟὙΣ
1469 145 1557 198 [xm

237 250 400 301 ὠφελεῖ·
453 251 478 290 ἃ
502 250 534 290 δ’
559 250 816 300 ἐπαιρόμενος
841 251 991 291 τούτοις
1013 252 1180 301 ὑβρίζει,
1209 253 1272 292 ἐπὶ
1296 253 1471 293 πολλοὺς
1497 258 1558 292 καὶ

235 317 324 356 τοὺς
350 317 541 367 τυχόντας
566 316 674 366 ἡμῶν
700 316 956 367 ἀφικνούμεν’
983 318 1070 367 ὁρῶ.
1126 318 1170 357 οὐ
1193 321 1254 357 δεῖ
1277 318 1323 367 δὴ
1343 320 1390 358 τὰ
1410 319 1557 358 τοιαῦθ’

235 382 423 422 ἑκάστοτε
458 384 573 432 τιμᾶν
602 381 691 422 οὐδὲ
724 382 933 431 θαυμάζειν
964 384 1075 431 ὑμᾶς,
1101 383 1191 423 οὐδὲ
1223 383 1294 433 τὴν
1328 386 1559 435 φιλοτιμίαν

235 451 275 488 ἐκ
307 448 457 488 τούτων
487 449 645 499 κρίνειν,
674 449 711 488 εἴ
736 465 794 489 τις
826 450 1024 498 οἰκοδομεῖ
1051 454 1239 499 λαμπρῶς
1268 447 1291 499 ἢ
1322 453 1559 501 θεραπαίνας

236 515 416 564 κέκτηται
441 517 596 556 πολλὰς
622 512 784 564 ἦσκεύη
810 512 954 566 [καλά],
976 515 1068 555 ἀλλ’
1087 515 1130 556 ὃς
1146 515 1194 555 ἂν
1215 517 1256 555 ἐν
1279 518 1432 558 τούτοις
1457 523 1556 567 λαμ-
1579 538 1596 568 5

235 581 330 632 πρὸς
357 582 417 620 καὶ
439 582 649 632 φιλότιμος
672 580 707 637 ᾗ,
728 583 783 621 ὧν
808 581 933 621 ἅπασι
958 581 1120 632 μέτεστι
1145 586 1226 624 τοῖς
1253 587 1419 624 πολλοῖς
1439 585 1558 633 ὑμῶν·

233 650 288 688 ὧν
314 648 426 688 οὐδὲν
452 648 638 699 εὑρήσετε
664 649 788 702 τούτῳ
814 649 978 699 προσόν.

140 723 204 756 160
301 714 431 754 Ἀλλὰ
470 715 515 763 νὴ
557 715 635 754 Δία
668 714 802 766 τριήρη
841 715 1048 755 ἐπέδωκεν·
1090 716 1235 766 ταύτην
1274 718 1348 767 γὰρ
1389 715 1462 755 οἶδ’
1500 717 1560 756 ὅτι

236 781 437 832 θρυλήσει,
469 782 529 820 καὶ
560 781 685 832 φήσει
719 785 728 798 “
747 783 824 834 ἐγὼ
854 783 944 831 ὑμῖν
973 781 1107 833 τριήρη
1140 782 1342 821 ἐπέδωκαῖ
1414 783 1559 822 οὑτωσὶ

234 848 280 897 δὴ
307 847 509 898 ποιήσατε.
570 850 603 888 εἰ
628 848 712 899 μέν,
735 847 763 888 ὧ
790 849 926 899 ἄνδρες
947 849 1160 899 Ἀθηναῖοι,
1184 850 1415 900 φιλοτιμίας
1432 850 1560 889 εἵνεκα
1584 867 1622 889 10

235 915 377 965 ταύτην
411 915 618 961 ἐπέδωκεν,
651 915 700 965 ἣν
733 914 926 967 προσήκει
958 920 1037 955 τῶν
1064 916 1253 956 τοιούτων
1286 917 1394 968 ἔχειν
1426 915 1557 968 χάοιν,

234 983 379 1032 ταύτην
405 981 508 1034 ἔχετ’
528 982 629 1036 αὐτῷ
644 983 705 1022 καὶ
725 983 906 1028 ἀπόδοτε,
926 983 1102 1033 ὑβρίζειν
1122 985 1161 1021 δὲ
1183 982 1234 1033 μὴ
1256 985 1365 1022 δῶτε·
1403 982 1560 1024 οὐδενὸς

235 1051 311 1100 γὰρ
329 1048 559 1100 πράγματος
579 1049 658 1088 οὐδ’
678 1050 794 1101 ἔργου
818 1053 933 1089 τοῦτο
953 1049 1244 1101 συγχωρητέον.
1299 1051 1332 1089 εἰ
1356 1051 1397 1088 δὲ
1425 1049 1469 1098 δὴ
1497 1049 1559 1088 καὶ

234 1117 383 1157 δειλίας
410 1117 472 1156 καὶ
502 1116 711 1167 ἀνανδρίας
741 1117 871 1156 εἵνεκα
900 1114 1155 1168 δειχθήσεται
1185 1119 1297 1155 τοῦτο
1321 1116 1556 1165 πεποιηκώς,

233 1182 285 1231 μὴ
304 1185 638 1234 παρακρουσθῆτε.
684 1186 764 1223 πῶς
785 1183 852 1222 οὖν
873 1184 1052 1228 εἴσεσθες
1088 1183 1167 1234 ἐγὼ
1187 1183 1382 1223 καὶτοῦτο
1403 1182 1558 1232 διδάξω·
1583 1199 1618 1231 ¹5

139 1255 196 1289 161
234 1250 384 1289 ἄνωθεν
414 1249 468 1294 δέ,
500 1249 655 1302 βραχὺς
685 1249 760 1301 γάρ
790 1249 876 1288 ἐσθ’
905 1251 925 1289 ὁ
954 1250 1087 1301 λόγος,
1113 1247 1228 1298 λέξω.
1302 1248 1474 1300 ἐγένοντ’
1505 1251 1559 1291 εἰς

236 1316 413 1362 Εὔβοιαν
430 1316 630 1357 ἐπιδόσεις
647 1315 736 1367 παρ’
754 1317 844 1366 ὑμῖν
860 1320 1022 1367 πρῶται·
1060 1317 1209 1356 τούτων
1224 1316 1293 1356 οὐκ
1310 1315 1357 1365 ἦν
1378 1317 1557 1362 Μειδίας,

233 1382 327 1422 ἀλλ’
347 1383 436 1434 ἐγώ,
460 1383 521 1422 καὶ
547 1381 859 1435 συντριήραρχος
879 1382 925 1432 ἦν
950 1400 1015 1432 μοι
1039 1386 1203 1424 Φιλῖνος
1224 1384 1244 1421 ὁ
1270 1382 1558 1434 Νικοστράτου.

234 1450 362 1500 ἕτεραι
399 1449 575 1500 δεύτεραι
606 1451 705 1499 μετὰ
738 1449 844 1489 ταῦτ’
874 1451 929 1491 εἰς
954 1449 1169 1489 ’Όλυνθοψ
1213 1448 1300 1489 οὐδὲ
1333 1450 1482 1489 τούτων
1512 1448 1559 1498 ἦν

234 1517 413 1557 Μειδίας.
488 1517 613 1555 καίτοι
638 1517 707 1556 τόν
737 1533 782 1567 γε
808 1516 853 1566 δὴ
885 1517 1099 1568 φιλότιμον
1124 1520 1329 1568 πανταχοῦ
1359 1518 1559 1567 προσῆκεν
1580 1533 1619 1555 20

233 1582 500 1632 ἐξετάζεσθαι.
545 1584 673 1633 τρίται
697 1586 765 1622 νῦν
785 1583 898 1623 αὗται
918 1584 1134 1634 γεγόνασιν
1155 1583 1365 1623 ἐπιδόσεις·
1405 1583 1558 1622 ἐνταῦθ’

232 1649 442 1689 ἐπέδωκεν.
493 1653 594 1695 πῶς;
634 1650 676 1689 ἐν
695 1655 741 1706 τῇ
766 1653 897 1705 βουλῇ
922 1648 1167 1701 γιγνομένων
1187 1650 1406 1689 ἐπιδόσεων
1425 1650 1559 1700 παρὼν

91 1703 201 1757 [567]
233 1717 299 1756 οὐκ
320 1717 499 1756 ἐπεδίδου
519 1716 621 1756 τότε·
660 1716 793 1765 ἐπειδὴ
815 1719 855 1756 δὲ
876 1718 1175 1767 πολιορκεῖσθαι
1191 1715 1279 1757 τοὺς
1297 1717 1339 1756 ἐν
1357 1717 1559 1766 Ταμύναις

138 1761 200 1794 ¹6²
233 1783 477 1834 στρατιώτας
510 1782 789 1834 ἐξηγγέλλετο,
824 1785 885 1823 καὶ
919 1782 1067 1824 πάντας
1097 1781 1242 1832 ἐξιέναι
1275 1782 1365 1823 τοὺς
1395 1783 1556 1822 ὑπολοί-

234 1866 327 1891 πους
353 1849 507 1894 ἱππέας,
548 1851 603 1889 ὧν
642 1850 696 1890 εἶς
735 1850 847 1891 οὗτος
889 1849 947 1899 ἦν,
988 1850 1310 1900 προεβούλευσεν
1347 1849 1370 1898 ἡ
1412 1848 1556 1898 βουλή,
1580 1865 1617 1896 ²5

232 1919 443 1965 τηνικαῦτα
468 1916 664 1968 φοβηθεὶς
689 1916 761 1966 τὴν
788 1917 998 1968 στρατείαν
1022 1916 1166 1965 ταύτην
1193 1917 1246 1956 εἰς
1271 1915 1342 1965 τὴν
1368 1916 1558 1955 ἐπιοῦσαν

232 1983 462 2032 ἐκκλησίαν,
493 1983 584 2033 πρὶν
615 1983 677 2022 καὶ
707 1983 919 2034 προέδρους
952 1982 1199 2031 καθέζεσθαι,
1232 1982 1440 2033 παρελθὼν
1465 1983 1555 2021 ἐπέ-

232 2052 368 2090 δωκεν.
419 2050 473 2104 τῷ
493 2052 628 2100 δῆλον,
651 2050 755 2089 ὥστε
780 2049 869 2099 μηδ’
896 2050 1095 2090 ἀντειπεῖν
1121 2048 1237 2088 αὐτὸν
1262 2048 1382 2100 ἔχειν,
1402 2049 1462 2088 ὅτι
1486 2048 1557 2097 τὴν

233 2118 443 2168 στρατείαν
470 2116 643 2168 φεύγων,
671 2116 715 2155 οὐ
742 2118 963 2169 φιλοτιμίᾳ,
985 2115 1088 2155 τοῦτ’
1114 2116 1322 2164 ἐποίησεν;
1353 2119 1434 2156 τοῖς
1459 2117 1556 2164 μετὰ

275 2238 293 2257 2
329 2228 416 2266 ἡμῶν
443 2226 609 2257 SYOP:
647 2228 732 2263 ὑμῶν
760 2226 847 2263 vulg.
970 2228 1020 2256 δεῖ
1046 2230 1124 2255 ante
1153 2225 1191 2259 δὴ
1221 2225 1267 2253 S:
1303 2228 1379 2262 post
1407 2224 1445 2260 δὴ
1474 2229 1553 2253 cett.

231 2281 250 2309 5
275 2271 358 2302 καλά
376 2271 399 2301 S
414 2271 440 2300 Y
455 2270 484 2300 O
502 2282 508 2300 z
533 2270 612 2299 secl.
637 2269 762 2299 Μοίρι-τ
788 2269 917 2309 λαμπρά
934 2269 962 2298 Α
978 2269 1021 2298 P:
1047 2268 1155 2300 πολλά
1175 2267 1198 2297 F
1346 2277 1367 2305 9
1392 2268 1441 2297 καὶ
1460 2267 1556 2305 φήσει

231 2338 237 2344 .
261 2337 267 2344 .
289 2337 296 2345 .
316 2316 459 2345 ἐπέδωκα
475 2314 554 2344 secl.
578 2313 674 2343 Blass
790 2314 828 2342 16
853 2314 971 2344 ἄνωθεν
988 2312 1042 2343 δέ.
1062 2336 1068 2342 .
1086 2336 1093 2342 .
1111 2311 1192 2351 λέξω
1210 2321 1273 2341 om.
1292 2310 1321 2339 A
1409 2310 1472 2350 ’γάρ
1488 2319 1552 2340 om.

231 2357 266 2387 5¹
284 2369 290 2386 x
315 2358 390 2387 add.
412 2359 485 2387 ead.
507 2357 538 2386 in
558 2367 660 2395 marg.
782 2358 819 2388 *ὸν
834 2361 913 2385 ante
930 2355 1011 2395 λέξω
1028 2355 1104 2384 add.
1126 2355 1214 2392 vulg.
1233 2366 1238 2384 z
1264 2364 1326 2383 om.
1349 2353 1385 2382 S¹
1498 2354 1557 2384 κᾶν

231 2402 349 2432 ἄνωθεν
367 2402 520 2441 ἄρχεσθαι
538 2402 615 2441 δοκῇ
633 2404 707 2438 post
726 2400 808 2439 λέξω
820 2399 896 2430 add.
911 2399 998 2435 vulg.
1015 2405 1070 2431 (ex
1090 2401 1103 2433 ,ὁ
1119 2408 1156 2435 77
1173 2398 1387 2436 repetitum:
1408 2407 1472 2426 om.
1491 2396 1555 2426 SA

230 2454 269 2481 ²4
309 2445 491 2484 ἐξήγγελτο
520 2443 628 2474 Cobet
798 2453 837 2480 :27
874 2442 1059 2481 καθέζεσθαι
1089 2451 1193 2479 marg.
1225 2441 1374 2470 Lambini
1403 2439 1553 2480 <Blass):

230 2487 409 2526 καθίζεσθαι
435 2487 545 2525 codd,
566 2487 604 2516 cs.
628 2490 665 2524 ἐξ
684 2488 736 2525 56,
758 2497 818 2524 119
