1737 2734
160 138 274 192 xx1v]
498 144 658 181 ΚΑΤΑ
705 143 1155 182 ΤΙΜΟΚΡΑΤΟὙΣ
1522 141 1637 196 [729]

162 247 333 298 κάγαθοῦ
358 247 497 287 τούτου
523 247 656 297 νόμον,
686 246 736 288 ὡς
761 247 993 297 λυμαίνεται
1016 250 1139 287 ταῦτα
1165 246 1227 286 καὶ
1255 247 1489 299 διαφθείρει.

160 312 379 365 γέγραπται
404 315 480 365 γὰρ
504 312 627 363 δήπου
652 311 709 365 [ἐν
734 317 786 368 τῷ
813 314 917 367 νόμῳ
944 311 1088 365 αὐτοῦ],
1117 316 1127 330 ‘
1145 314 1207 353 καὶ
1238 314 1274 353 εἴ
1303 329 1381 353 τινι
1410 316 1488 352 τῶν
1519 313 1563 347 93

160 379 407 431 ὀφειλόντων
433 381 741 432 προστετίμηται
774 383 922 430 δεσμοῦ
946 377 969 429 ἢ
996 381 1059 420 καὶ
1088 379 1132 419 τὸ
1157 379 1299 420 λοιπὸν
1324 396 1486 431 προστι-

158 449 276 502 μηθῇ,
305 445 404 486 εἶναι
431 445 726 496 καταστήσαντι
756 445 961 498 ἐγγυητάς,
990 446 1012 497 ἦ
1044 446 1122 497 μὴν
1155 447 1219 486 ἐπὶ
1248 448 1316 496 τῆς
1349 445 1489 495 ἐνάτης

121 533 137 563 5
160 514 393 563 πρυτανείας
432 514 624 553 ἐκτείσειν
662 517 706 552 τὸ
745 513 944 565 ἀργύριον,
982 514 1175 565 ἀφεῖσθαι
1211 516 1279 553 τοῦ
1315 513 1489 564 δεσμοῦ.’

158 580 216 620 τίς
241 580 309 619 οὖν
330 579 449 631 πόρος
474 580 607 626 ἔσται;
639 579 711 620 τίν’
732 579 1059 629 ἀποσταλήσεται
1081 580 1230 632 τρόπον
1254 580 1276 631 ἡ
1302 578 1486 631 στρατιά,·

159 650 241 687 πῶς
272 648 320 685 τὰ
353 645 519 699 χρήματ’
545 644 824 698 εἰσπράξομεν,
851 645 900 686 ἂν
935 647 1103 688 ἕκαστος
1134 645 1395 699 ὀφλισκάνων
1421 647 1484 698 ἐγ-

159 714 303 763 γυητὰς
322 713 486 767 καθιστῇ
509 714 606 752 κατὰ
625 712 694 753 τὸν
710 713 849 752 τούτου
869 713 1002 763 νόμον,
1024 713 1131 753 ἀλλὰ
1149 713 1201 763 μὴ
1221 716 1265 752 τὸ
1285 715 1488 764 προσῆκον

159 784 270 835 ποιῇ;
311 780 475 830 ἐροῦμεν
506 778 551 829 νὴ
590 780 668 819 Δία
701 783 784 820 τοῖς
809 778 1016 830 (Ἓλλησιν
1044 778 1337 831 ’Τιμοκράτους
1370 781 1487 830 νόμος
1516 796 1562 830 94

102 864 138 885 ιο
159 845 248 884 ἐστὶ
286 845 375 896 παρ’
416 845 521 896 ἡμῖν·
573 845 801 896 ἀναμείνατ’
841 846 909 886 οὖν
946 846 1018 897 τὴν
1056 845 1198 896 ἐνάτην
1238 848 1485 898 πρυτανείαν·

159 911 244 951 εἶτα
263 912 344 952 τότ’
365 910 528 962 ἔξιμεν·’
561 915 675 951 τοῦτο
697 914 772 964 γὰρ
792 913 948 953 λοιπόν.
1008 912 1056 953 ἂν
1073 913 1105 953 δ’
1123 914 1219 964 ὑπὲρ
1234 914 1341 964 ὑμῶν
1361 913 1488 953 αὐτῶν

159 978 381 1028 ἀμύνεσθαι
414 977 495 1034 δέῃ,
523 978 598 1030 ἆρά
632 978 667 1031 γ’
694 980 829 1020 οἴεσθε
862 979 953 1021 τοὺς
985 980 1152 1032 ἐχθροὺς
1185 981 1254 1021 τὰς
1286 984 1365 1020 τῶν
1396 979 1487 1031 παρ’

158 1045 249 1095 ἡμῖν
284 1049 464 1097 πονηρῶν
497 1045 696 1087 διαδύσεις
731 1047 794 1086 καὶ
828 1048 1063 1099 κακουργίας
1094 1047 1322 1097 ἀναμενεῖν,·
1360 1043 1383 1096 ἢ
1416 1046 1488 1096 τὴν

159 1112 290 1157 πόλιν,
317 1111 439 1162 αὐτὴν
463 1112 746 1162 ἐμποδίζοντας
771 1113 913 1163 νόμους
946 1115 979 1153 εἰ
1012 1112 1178 1163 θήσεται
1208 1113 1269 1153 καὶ
1298 1113 1488 1153 τάναντία

100 1197 136 1229 15
157 1181 236 1218 τῶν
276 1179 564 1231 συμφερόντων
602 1178 807 1231 λέγοντας,
848 1178 1095 1229 δυνήσεσθαί
1130 1196 1167 1219 τι
1207 1181 1371 1230 ποιῆσαι
1409 1183 1487 1220 τῶν

158 1245 346 1291 δεόντων;
389 1245 482 1286 ἀλλ’
517 1246 735 1297 ἀγαπητόν,
772 1244 801 1285 ὦ
836 1246 972 1297 ἄνδρες
1006 1246 1223 1296 Ἀθηναῖοι,
1260 1248 1293 1286 εἰ
1328 1246 1487 1287 πάντων
1517 1260 1559 1296 95

159 1315 288 1354 καλῶς
327 1312 502 1365 ἐχόντων
539 1312 632 1363 ἡμῖν
672 1313 734 1352 καὶ
775 1312 942 1363 μηδενὸς
980 1314 1095 1355 ὄντος
1132 1313 1310 1353 τοιούτου
1351 1314 1484 1364 νόμου,

159 1382 364 1429 κρατοῖμεν
393 1383 470 1419 τῶν
504 1380 657 1432 ἐχθρῶν
685 1379 747 1419 καὶ
772 1383 857 1421 ταῖς
881 1378 1045 1429 ὀξύτησι
1070 1381 1283 1430 δυναίμεθα
1310 1380 1371 1420 καὶ
1404 1384 1486 1422 τοῖς

157 1448 225 1484 τοῦ
262 1445 439 1496 πολέμου
479 1450 626 1497 καιροῖς
668 1447 900 1486 ἀκολουθεῖν
943 1447 1006 1486 καὶ
1045 1449 1211 1496 μηδενὸς
1253 1447 1483 1498 ὑστερίζειν.

99 1530 138 1551 20
157 1512 263 1552 ἀλλὰ
286 1512 364 1563 μὴν
390 1514 423 1553 εἰ
449 1513 583 1564 φαίνει
607 1515 785 1553 τοιοῦτον
810 1514 984 1563 τεθηκὼς
1017 1514 1138 1563 νόμον
1170 1513 1212 1555 ὃς
1244 1514 1292 1552 τὰ
1325 1517 1486 1553 τοιαῦτα

156 1579 387 1629 λυμαίνεται
411 1578 460 1619 δι’
485 1580 539 1619 ὧν
564 1579 587 1629 ἡ
613 1580 728 1620 πόλις
755 1579 816 1619 καὶ
837 1580 963 1630 σεμνὴ
992 1581 1053 1620 καὶ
1078 1581 1241 1631 λαμπρὰ
1261 1582 1365 1632 παρὰ
1384 1583 1486 1621 πᾶσι

159 1644 413 1696 καθέστηκεν,
441 1649 524 1688 πῶς
549 1646 638 1699 οὐχὶ
663 1647 820 1688 δικαίως
845 1647 975 1686 ὁτιοῦν
998 1645 1047 1686 ἂν
1073 1646 1232 1693 πάθοις,·

219 1711 309 1752 ’Έτι
341 1713 485 1759 τοίνυν,
513 1710 543 1752 ὦ
577 1712 714 1763 ἄνδρες
739 1712 955 1763 Ἀθηναῖοι,
986 1713 1058 1763 τὴν
1091 1714 1287 1763 διοίκησιν
1320 1714 1483 1766 ἀναιρεῖ,
1515 1714 1560 1757 96

157 1777 228 1828 τήν
253 1778 288 1819 θ’
308 1781 416 1831 ἱερὰν
436 1780 498 1820 καὶ
517 1779 587 1829 τὴν
607 1780 734 1819 ὁσίαν.
796 1780 846 1821 ὡς
871 1779 926 1826 δέ,
949 1781 1028 1832 ἐγὼ
1048 1779 1205 1832 φράσω.
1265 1780 1377 1820 ἔστιν
1395 1781 1486 1831 ὑμῖν

98 1863 135 1894 25
158 1845 287 1896 κύριος
324 1846 457 1896 νόμος,
497 1849 625 1888 καλῶς
665 1847 773 1897 εἴπερ
811 1863 870 1887 τις
908 1847 971 1886 καὶ
1007 1846 1133 1889 ἄλλος
1169 1848 1358 1898 κείμενος,
1396 1847 1486 1888 τοὺς

157 1912 324 1965 ἔχοντας
353 1911 402 1952 τά.
434 1912 469 1952 θ’
496 1914 579 1965 ἱερὰ
606 1913 668 1952 καὶ
701 1914 748 1952 τὰ
780 1914 873 1953 ὅσια
906 1913 1089 1966 χρήματα
1124 1914 1397 1964 καταβάλλειν
1430 1915 1485 1955 εἰς

156 1979 200 2018 τὸ
229 1978 528 2030 βουλευτήριον,
557 1981 590 2020 εἰ
620 1981 661 2019 δὲ
685 1978 751 2030 μή,
779 1979 851 2029 τὴν
884 1979 1040 2030 βουλὴν
1063 1980 1203 2022 αὐτοὺς
1233 1979 1484 2032 εἰσπράττειν

201 2100 220 2119 2
246 2092 280 2121 ἐν
296 2093 340 2130 τῷ
357 2089 441 2129 νόμῳ
460 2091 555 2122 αὐτοῦ
571 2089 650 2120 secl.
673 2089 840 2120 Benseler
954 2099 971 2128 7
998 2090 1213 2131 εἶσπράξωμεν
1230 2090 1253 2119 S
1344 2089 1388 2122 εἷς
1405 2095 1483 2120 ante

157 2133 295 2165 ἕκαστος
311 2133 386 2163 add.
405 2133 494 2171 vulg.
513 2145 520 2164 ε
545 2143 611 2163 om.
631 2133 654 2163 S
667 2133 697 2163 A
711 2133 741 2163 Y
853 2133 1077 2172 οὑφλισκάνων
1094 2133 1192 2163 Blass
1350 2143 1361 2162 1
1373 2144 1383 2162 1
1410 2133 1482 2165 τότ’

156 2176 245 2215 vulg.
265 2182 298 2206 et
324 2176 430 2215 (τότε)
449 2176 587 2206 Aristid.
608 2176 675 2206 Rh.
695 2177 752 2206 Gr.
773 2177 807 2206 ix
825 2186 855 2215 p.
875 2178 961 2214 358:
989 2176 1060 2207 ποτ’
1079 2175 1116 2206 S¹
1134 2177 1211 2216 (sed
1235 2177 1304 2208 εἶτα
1325 2186 1388 2206 non
1413 2177 1483 2208 εἶτά

156 2229 209 2249 me
222 2220 322 2260 teste)
336 2230 343 2249 :
361 2220 440 2251 πότε
455 2219 478 2249 S
492 2230 578 2251 corr.
669 2219 769 2259 ὑμῶν]
784 2220 872 2257 ἡμῶν
887 2219 910 2249 S
926 2219 950 2248 F
961 2219 990 2249 Y
1002 2219 1032 2249 O
1162 2230 1199 2259 13
1217 2220 1379 2251 διαλύσεις
1395 2220 1422 2249 Υ
1436 2220 1479 2255 Ο,

156 2263 196 2293 cf.
224 2265 239 2298 ξ
268 2272 328 2301 139
440 2264 608 2302 ἀναμενεῖν
633 2262 656 2292 S
681 2272 765 2293 corr.
794 2272 897 2301 marg.
927 2262 1102 2293 Lambini:
1134 2262 1302 2301 ἀναμένειν
1326 2262 1362 2292 S¹
1388 2263 1478 2302 vulg.

160 2316 197 2343 14
222 2306 339 2343 θήσετε
356 2305 447 2344 vulg.
467 2311 500 2336 et
519 2305 542 2335 S
560 2315 664 2345 marg.
684 2316 733 2345 pr.
753 2316 795 2335 m.
898 2305 936 2335 18
959 2305 1116 2345 δυναίμεθ’
1134 2308 1172 2337 ἂν
1188 2307 1218 2335 Α
1233 2306 1256 2335 F
1338 2306 1480 2336 alterum

152 2350 208 2381 καὶ
225 2349 305 2380 secl.
322 2349 417 2380 Weil
551 2359 593 2378 20
618 2350 721 2389 ἀλλὰ]
741 2350 792 2380 καὶ
809 2348 841 2378 Α
968 2358 1006 2378 21
1034 2350 1162 2391 λαμπρὰ
1179 2350 1230 2380 καὶ
1247 2350 1349 2388 σεμνὴ
1367 2349 1396 2378 Α
1409 2349 1437 2379 Y
1450 2350 1480 2380 O

157 2401 199 2431 25
224 2396 328 2424 καλῶς
344 2397 422 2422 ante
440 2392 583 2432 κείμενος
601 2392 632 2421 Α
645 2391 673 2422 Y
686 2391 716 2422 O

1520 349 1635 402 [730]
