1737 2734
91 517 108 548 5

72 852 108 873 10

67 1517 106 1539 20

67 1850 104 1882 25

133 124 233 179 xxv]
392 125 522 166 KAT‘
571 127 1117 167 ΑΡΙΣΤΟΓΕΙΤΟΝΟΣ
1166 128 1199 165 Α
1483 125 1594 182 [778]

1142 231 1152 245 ζ

130 237 245 273 τοῦτο
269 236 411 285 λαχεῖν
436 232 479 273 τὸ
504 231 769 283 δικαστήριον,
791 233 907 283 μόνοι
937 230 1105 281 δικάζεθ’
1134 234 1235 282 ημῖν.
1311 232 1374 271 διὰ
1400 232 1456 278 τί,·

130 302 192 340 ὅτι
217 299 396 353 ἐλάχετε,
418 298 487 340 εἶτ’
509 299 827 350 ἀπεκληρώθητε·
867 302 989 338 ταῦτα
1007 299 1040 338 δ’
1061 300 1098 339 οἱ
1123 299 1236 349 νόμοι
1254 296 1457 350 λέγουσιν.

130 366 201 407 εἶθ’
226 367 335 416 ὑμεῖς
360 366 469 406 αὐτοὶ
496 367 593 406 κατὰ
623 366 713 408 τοὺς
739 366 880 416 νόμους
914 365 1220 415 εἰσεληλυθότες
1252 364 1321 405 τὸν
1354 366 1459 417 παρὰ

129 433 218 475 τοὺς
236 434 378 484 νόμους
403 431 537 484 λέγειν
564 430 585 482 ἦ
612 432 795 483 πράττειν
814 449 851 472 τι
878 433 1116 483 βιαζόμενον
1135 432 1334 482 λαβόντες
1352 431 1456 484 ἀφή-

130 517 242 546 σετε;
298 501 360 539 καὶ
391 499 517 541 οὐδεὶς
547 501 654 550 ὑμῶν
687 499 815 552 χολὴν
845 499 923 538 οὐδ’
957 498 1080 551 ὀργὴν
1105 498 1210 552 ἔχων
1235 497 1460 550 φανήσεται

130 566 194 618 ἐφ’
230 567 287 608 οἷς
323 567 343 605 ὁ
380 566 575 617 βδελυρὸς
603 567 664 606 καὶ
709 565 869 615 ἀναιδὴς
909 565 1114 617 ἄνθρωπος
1148 564 1331 616 βιάζεται
1368 566 1459 608 τοὺς

130 634 289 683 νόμους;
334 634 388 678 ὅς,
427 630 456 672 ὦ
493 633 717 684 μιαρώτατε
755 633 915 673 πάντων
951 635 1029 672 τῶν
1064 634 1190 672 ὄντων
1226 632 1456 684 ἀνθρώπων,
1482 637 1526 671 28

130 699 381 750 κεκλειμένης
411 716 485 739 σου
515 702 584 749 τῆς
620 701 842 752 παρρησίας
877 700 921 739 οὐ
954 699 1154 751 κιγκλίσιν
1187 700 1275 739 οὐδὲ
1309 699 1455 751 θύραις,

128 767 152 806 ἃ
177 766 239 806 καὶ
265 765 539 817 παρανοίξειεν
570 766 618 806 ἄν
645 783 717 812 τις,
750 767 859 806 ἀλλὰ
884 766 1091 807 τοσούτοις
1122 766 1184 805 καὶ
1212 766 1459 815 τηλικούτοις

127 831 375 884 ὀφλήμασιν,
408 833 469 872 καὶ
493 833 642 873 τούτων
669 835 774 884 παρὰ
801 839 848 890 τῇ
874 833 948 887 θεῷ
970 832 1169 882 κειμένων,
1198 833 1253 874 εἷς
1276 831 1321 872 τὸ
1346 832 1458 874 ἐντὸς

127 900 276 939 τούτων
309 899 442 949 βιάζει
480 901 541 940 καὶ
579 898 799 953 προσέρχει
836 899 932 951 πρὸς
962 899 1068 939 ταῦτ’
1094 899 1166 952 ἀφ’
1195 900 1251 939 ὧν
1283 899 1455 940 ἀπελαύ·

128 966 265 1006 νουσίν
292 965 331 1005 σ’
360 968 396 1006 οἱ
422 966 548 1017 νόμοι·
587 965 952 1019 ἀπεσχοινισμένος
977 969 1076 1006 πᾶσι
1106 969 1188 1008 τοῖς
1213 967 1256 1006 ἐν
1279 971 1326 1023 τῇ
1342 966 1457 1007 πόλει

128 1034 304 1079 δικαίοις,
337 1033 485 1085 γνώσει
518 1034 784 1085 δικαστηρίων
814 1036 944 1085 τριῶν,
976 1032 1159 1088 ἐγγραφῇ
1190 1035 1455 1083 θεσμοθετῶν,

128 1099 242 1153 ἑτέρᾳ
278 1100 519 1152 πρακτόρων,
557 1100 603 1155 τῇ
642 1102 712 1150 τῆς
748 1100 1016 1150 βουλεύσεως,
1053 1098 1102 1149 ἣν
1139 1099 1253 1141 αὐτὸς
1288 1099 1454 1145 διώκεις,

126 1166 274 1223 γραφῇ,
301 1166 423 1216 μόνον
454 1166 529 1220 οὐχ
561 1166 703 1206 ἁλύσει
734 1168 889 1221 σιδηρᾷ,
921 1166 1081 1207 ὑποδύει
1110 1168 1215 1217 παρὰ
1248 1170 1370 1206 ταῦτα
1395 1167 1457 1207 καὶ

127 1235 310 1288 διασπᾷς,
339 1234 402 1273 καὶ
427 1232 654 1285 προφάσεις
679 1233 865 1273 πλάττων
894 1232 956 1272 καὶ
981 1235 1143 1285 ψευδεῖς
1167 1234 1294 1274 αἰτίας
1320 1249 1452 1274 συντι-

127 1300 207 1341 θεὶς
230 1300 279 1339 τὰ
305 1302 415 1340 κοινὰ
436 1299 550 1340 δίκαι’
578 1299 818 1352 ἀνατρέψειν
843 1300 928 1340 οἴει.

195 1367 271 1406 Καὶ
295 1366 372 1417 μὴν
395 1366 499 1419 μέγα
521 1367 583 1406 καὶ
610 1369 739 1419 σαφὲς
764 1367 854 1417 ὑμῖν
880 1367 953 1418 ἐρῶ
979 1366 1240 1419 παράδειγμα,
1266 1368 1326 1407 ὅτι
1350 1369 1452 1407 ταῦτ’
1480 1379 1523 1413 29

126 1432 215 1474 οὐδὲ
241 1433 325 1473 καθ’
351 1434 394 1474 ἓν
421 1432 612 1485 προσήκει
637 1436 828 1486 παριδεῖν.
891 1434 925 1473 εἶ
950 1432 1025 1485 γάρ
1049 1450 1108 1476 τις
1128 1434 1266 1474 αὐτίκα
1289 1433 1336 1484 δὴ
1360 1432 1455 1484 μάλ’

127 1501 230 1540 εἵποι
249 1500 299 1542 ὡς
325 1501 367 1540 ἐκ
387 1504 465 1540 τῶν
485 1499 692 1540 νεωτάτων
716 1497 738 1549 ἢ
759 1503 836 1540 τῶν
858 1500 1169 1540 πλουσιωτάτων
1194 1497 1216 1550 ἢ
1236 1504 1314 1541 τῶν
1331 1505 1453 1556 λελῃ-

125 1567 398 1619 τουργηκότων
446 1564 468 1616 ἢ
511 1571 589 1607 τῶν
632 1566 819 1607 τοιούτων
861 1583 899 1607 τι
940 1570 1069 1618 μερῶν
1110 1568 1322 1620 ἀφορίσας,
1365 1567 1455 1609 τοὺς

125 1633 317 1686 λέγοντας
351 1633 451 1675 εἶναι
484 1636 554 1681 δεῖ,
588 1633 850 1674 ἀποκτείναιτ’
885 1633 932 1674 ἂν
967 1633 1084 1674 αὐτὸν
1118 1634 1159 1674 εὖ
1190 1634 1262 1674 οἶδ’
1293 1635 1366 1680 ὅτι,
1402 1634 1453 1675 ὡς

127 1701 374 1741 καταλύοντα
391 1701 460 1741 τὸν
485 1703 621 1751 δῆμον,
645 1701 706 1740 καὶ
726 1701 881 1742 δικαίως
906 1699 954 1740 ἂν
972 1704 1086 1741 τοῦτο
1105 1699 1325 1751 ποιήσαιτε.
1387 1701 1450 1741 καὶ
1480 1681 1596 1736 [779]

125 1767 202 1817 μὴν
227 1768 249 1807 ὅ
273 1785 309 1808 τι
333 1768 538 1817 βούλεσθε
562 1767 710 1808 τούτων
734 1767 852 1818 ἧττόν
880 1769 967 1807 ἐστι
985 1767 1114 1808 δεινὸν
1138 1765 1161 1816 ἦ
1188 1769 1224 1808 εἴ
1245 1784 1302 1809 τις
1329 1766 1375 1818 ἐξ
1395 1768 1449 1808 ὧν
1480 1748 1526 1782 30

126 1833 239 1875 οὗτός
274 1835 361 1874 ἐστι
393 1837 522 1886 μερῶν
548 1835 651 1874 εἴποι
681 1837 762 1876 τοῖς
794 1834 1047 1885 βιαζομένοις
1077 1833 1222 1884 ἐξεῖναι
1251 1834 1399 1887 λέγειν,
1424 1831 1449 1883 ἢ

172 1952 183 1972 1
205 1942 364 1982 δικάζεσθ’
381 1942 403 1972 S
422 1943 516 1973 solus
619 1953 638 1981 5
656 1943 720 1974 οὐδ’
732 1943 832 1983 ὀργὴν
844 1942 922 1973 secl.
939 1943 1047 1973 Cobet
1136 1945 1316 1984 φανήσεται
1330 1944 1428 1974 codd.
1443 1955 1450 1974 :

126 1986 329 2026 εὑρεθήσεται
348 1985 548 2016 Alexander
571 1985 637 2016 Rh.
663 1986 721 2016 Gr.
747 1987 804 2016 viii
821 1997 895 2025 472,
917 1986 1128 2027 [Longinus]
1148 1988 1217 2028 περὶ
1242 1988 1337 2026 ὕψους
1361 1997 1388 2018 c.
1408 1998 1449 2026 27

125 2031 146 2059 6
170 2031 278 2061 οὑτοσὶ
297 2035 373 2068 post
391 2031 550 2071 ἄνθρωπος
567 2030 642 2060 add.
663 2030 751 2069 vulg.
773 2029 796 2060 S
813 2043 864 2071 γρ.
883 2041 890 2060 :
913 2041 977 2061 om.
999 2030 1023 2061 S
1042 2031 1134 2061 solus
1260 2033 1277 2062 ὁ
1294 2032 1450 2070 βδελυρὸς

126 2071 219 2105 οὗτος
239 2076 317 2104 (om.
336 2074 510 2113 ἅνθρωπος)
528 2074 601 2115 περὶ
618 2075 668 2114 ὕψ.
688 2073 708 2104 l.
724 2084 751 2104 e.
864 2074 939 2106 τοὺς
957 2074 1070 2113 νόμους
1087 2085 1153 2104 orn.
1174 2073 1288 2113 Alex.‚
1307 2075 1378 2115 περὶ
1396 2076 1447 2115 ῧψ.

126 2116 145 2145 l.
159 2126 185 2147 c.
330 2126 347 2155 7
372 2120 438 2148 τῶν
455 2116 558 2148 ὄντων
574 2117 743 2158 ἀνθρώπων
760 2126 824 2147 om.
845 2118 915 2158 περὶ
933 2118 984 2158 ὕψ.
1006 2117 1024 2146 l.
1038 2128 1078 2155 c.‚
1097 2117 1196 2148 Alex.
1346 2118 1366 2147 8
1391 2130 1450 2149 σου

127 2158 150 2189 S
165 2159 189 2189 F
202 2159 232 2189 Y
244 2159 274 2190 O
289 2171 295 2190 :
321 2172 371 2192 σοι
388 2159 429 2198 A,
449 2161 519 2200 περὶ
537 2161 587 2200 ὕψ.
603 2160 622 2190 1.
636 2171 677 2199 c.‚
693 2160 848 2191 rhetores
936 2161 1111 2202 παρρησίας
1124 2160 1154 2191 Α
1168 2161 1202 2193 F.
1219 2162 1288 2203 περὶ
1306 2162 1357 2202 ῧψ.
1374 2160 1396 2192 l.
1408 2171 1450 2201 e.,

126 2203 282 2233 rhetores
297 2215 304 2233 :
330 2203 473 2244 ἐξουσίας
491 2203 514 2233 S
527 2203 556 2234 Y
679 2213 718 2235 10
741 2205 785 2236 εἷς
803 2205 840 2235 τὸ
859 2205 949 2236 ἐντὸς
965 2204 1089 2235 τούτων
1105 2215 1171 2234 orn.
1192 2204 1215 2234 S
1231 2215 1238 2234 :
1263 2205 1339 2235 add.
1358 2204 1447 2243 vulg.

125 2250 160 2276 et
187 2248 319 2285 (τουτωι
347 2257 408 2285 pro
436 2246 576 2286 τούτων)
606 2246 630 2277 S
658 2260 709 2288 γρ.
871 2257 906 2277 ΙΙ
945 2246 1053 2287 βιάζηι
1082 2248 1106 2278 S
1217 2261 1396 2289 προσερχηι
1425 2248 1449 2278 S

128 2299 167 2328 13
189 2291 310 2330 γνώσει
326 2289 418 2320 Weil
436 2301 443 2320 :
465 2292 609 2330 γνώσεσι
627 2291 721 2321 codd.
866 2299 904 2330 15
929 2290 1066 2322 ἁλύσεσι
1086 2294 1228 2332 σιδηραῖς
1244 2291 1276 2321 Α
1365 2294 1449 2324 δεδε·

124 2333 219 2371 μένος
236 2338 313 2373 post
329 2336 446 2375 σιδηρᾷ
462 2333 537 2364 add.
558 2332 647 2373 vulg.
666 2345 673 2364 ε
696 2344 762 2364 om.
783 2333 807 2364 S
825 2333 919 2364 solus
1096 2344 1133 2364 21
1161 2348 1191 2366 τι
1209 2334 1240 2364 Α
1252 2334 1296 2366 F:
1322 2337 1408 2368 τινὸς
1426 2335 1450 2366 S

124 2375 167 2406 al.
302 2386 410 2416 24-25
435 2379 468 2417 ἐξ
483 2375 527 2408 ὧν
543 2400 550 2407 .
571 2400 578 2407 .
599 2400 605 2407 .
625 2381 728 2419 μερῶν
743 2377 823 2408 secl.
843 2377 951 2408 Cobet

170 2445 353 2475 minoem„
373 2445 449 2468 von.
469 2446 504 2467 11.
1282 2440 1320 2470 19
