1737 2734
96 1567 135 1588 10

97 2112 136 2133 20

771 706 870 743 XXI

206 839 373 881 ΚΑΤΑ
421 838 688 881 ΜΕῘΔΙΟΤ
735 838 879 879 ΠΕΡΙ
926 839 1046 880 ΤΟΤ
1097 839 1437 881 ΚΟΝΔΤΛΟΤ

711 987 929 1016 ΎΠΟΘΕΣῘΣ.

207 1061 364 1112 “Εορτὴν
388 1061 482 1113 ἦγον
501 1064 535 1101 οἶ
555 1061 745 1110 Ἀθηναῖοι
766 1062 948 1112 Διονύσῳ,
969 1059 1014 1109 ἢν
1038 1061 1194 1099 ἐκάλουν
1220 1061 1294 1098 ἀπὸ
1317 1062 1382 1098 τοῦ
1403 1060 1487 1098 θεοῦ

155 1117 347 1155 Διονύσια·
380 1119 417 1154 ἐν
442 1116 479 1154 δὲ
505 1116 620 1165 ταύτῃ
640 1115 808 1167 τραγικοὶ
836 1115 895 1152 καὶ
922 1115 1074 1164 κωμικοὶ
1100 1115 1161 1152 καὶ
1186 1116 1358 1163 αὐλητῶν
1380 1116 1487 1165 χοροὶ

154 1171 423 1222 διηγωνίζοντο.
482 1170 717 1208 καθίστασαν
736 1169 774 1207 δὲ
793 1169 877 1208 τοὺς
896 1169 1029 1219 χοροὺς
1048 1171 1085 1206 αἱ
1105 1169 1225 1216 φυλαὶ
1245 1168 1332 1206 δέκα
1351 1171 1484 1236 τυγχά-

154 1241 296 1263 νουσαι*
326 1224 489 1275 χορηγὸς
510 1223 578 1262 δ’
558 1241 603 1273 ην
623 1225 782 1272 ἑκάστης
802 1224 967 1271 φυλῆς“
952 1240 972 1261 o
997 1225 1044 1260 τὰ
1071 1223 1296 1272 ἀναλώματα
1315 1224 1487 1274 παρέχων

153 1280 200 1316 τὰ
219 1279 302 1328 περὶ
321 1279 386 1317 τὸν
404 1278 529 1329 χορόν.
587 1280 607 1316 ὁ
626 1278 747 1316 τοίνυν
768 1276 1015 1327 Δημοσθένης
1034 1279 1099 1325 τῆς
1120 1279 1250 1315 ἑαυτοῦ
1269 1279 1405 1326 φυλῆς,
1421 1279 1486 1325 τῆς

156 1332 405 1377 Πανδιονίδος,
423 1332 648 1380 ἐθελοντὴςε
631 1333 775 1380 υπέστη
790 1332 963 1383 χορηγός.
1009 1331 1128 1383 ἐχθρῷ
1145 1331 1183 1369 δὲ
1199 1332 1422 1381 κεχρημένος
1437 1333 1487 1383 τῷ

155 1387 301 1438 Μειδίᾳ,
317 1391 389 1426 τῶν
408 1387 635 1424 πλουσίων
621 1403 685 1430 ενι,
702 1387 802 1435 φησὶ
821 1388 889 1435 μὲν
906 1403 966 1424 και
986 1387 1087 1423 ἅλλα
1106 1387 1206 1435 παρὰ
1221 1386 1288 1434 τὴν
1306 1387 1488 1437 χορηγίαν

154 1441 214 1480 υπ’
233 1443 344 1480 αὐτοῦ
362 1440 584 1479 πεπονθεναι
604 1443 731 1484 κακῶς,
752 1441 795 1478 τὸ
819 1440 856 1478 δὲ
881 1443 1128 1479 τελευταῖον’
1112 1441 1171 1478 επὶ
1190 1441 1256 1488 τῆς
1276 1440 1487 1491 ὀρχήστρας

155 1496 352 1536 κονδύλους
373 1496 550 1544 ἔλαβεν’
534 1512 696 1534 εναντιον
716 1496 863 1533 πάντων
882 1498 953 1534 τῶν
973 1495 1122 1533 θεατῶν.
1169 1494 1229 1532 ἐπὶ
1249 1496 1364 1545 τούτῳ
1382 1511 1487 1543 κατη-

153 1551 318 1602 γόρησεν
345 1553 382 1588 ἐν
405 1551 456 1601 τῷ
474 1549 575 1601 δήμῳ
596 1551 661 1587 τοῦ
685 1549 841 1587 Μειδίου
865 1551 911 1589 ὡς
937 1550 1173 1598 ἠσεβηκότος
1195 1551 1245 1589 εἷς
1267 1549 1335 1597 τὴν
1359 1549 1489 1598 ἑορτὴν

155 1606 215 1643 καὶ
234 1606 299 1644 τὸν
319 1605 517 1643 Διόνυσον·
549 1606 716 1642 ἐκαλεῖτο
736 1602 766 1641 δ’
785 1605 808 1652 ἡ
828 1604 978 1652 τοιαύτη
999 1604 1200 1655 κατηγορία
1218 1604 1408 1653 προβολή.
1468 1605 1487 1641 ὁ

153 1662 222 1709 μὲν
241 1659 305 1698 οὖν
324 1660 440 1709 δῆμος
460 1659 664 1710 κατέγνωκε
689 1660 754 1696 τοῦ
774 1658 929 1696 Μειδίου
948 1658 1015 1706 τὴν
1035 1659 1226 1706 ἀσέβειαν,
1248 1658 1488 1710 ἀγωνίζονται

155 1714 193 1751 δὲ
217 1716 280 1753 νῦν
307 1717 345 1752 ἐν
374 1714 597 1764 δικαστηρίῳ
624 1713 708 1762 περὶ
728 1714 794 1760 τῆς
817 1714 882 1750 τοῦ
909 1712 1025 1761 δήμου
1055 1713 1384 1762 καταχειροτονίας·
1417 1712 1487 1750 ἔδει

154 1770 226 1820 γὰρ
247 1768 492 1820 καταγνόντος
517 1770 582 1805 τοῦ
603 1767 720 1816 δήμου
747 1767 984 1815 δικαστήριον
1007 1768 1124 1816 κρῖναι
1147 1766 1325 1815 δεύτερον.
1385 1783 1488 1804 εστιι

155 1840 218 1861 ουν
239 1824 259 1860 ὁ
279 1824 378 1874 ἀγὼν
397 1823 480 1871 περὶ
503 1823 770 1870 ὑποτιμήσεως·
802 1823 845 1858 οὐ
871 1822 943 1872 γὰρ
968 1821 1052 1870 περὶ
1077 1838 1143 1859 του
1169 1820 1284 1870 μηδὲν
1310 1820 1482 1859 ἀδικεῖνε
1468 1838 1487 1858 ο

156 1877 310 1916 Μειδίας
331 1877 555 1928 ἀγωνίζεται,
579 1877 681 1912 ἀλλὰ
700 1875 783 1924 περὶ
803 1877 867 1913 τοῦ
887 1875 1102 1924 τιμήματος,
1123 1876 1280 1924 πότερον
1301 1873 1483 1924 ὕβρεως
1464 1892 1487 1923 η

155 1931 333 1980 ἀσεβείας
354 1931 500 1978 ὀφείλει
519 1930 633 1978 δικην.
693 1930 813 1978 ὁρικὸς
833 1947 896 1968 ουν
919 1931 939 1967 ὁ
959 1930 1073 1980 λογος
1098 1931 1145 1979 τῇ
1169 1930 1314 1973 στάσει,
1336 1931 1400 1966 τοῦ
1420 1931 1488 1978 μὲν

157 1985 311 2023 Μειδίου
344 1986 520 2036 λέγοντος
554 1985 664 2033 ὕβριν
696 1983 785 2022 εἶναι
818 1984 861 2021 τὸ
896 1984 1072 2034 πραχθέν,
1107 1983 1230 2032 ἐπειδὴ
1264 1984 1488 2031 τετύπτηκεν

156 2040 269 2089 ἄνδρα
289 2040 492 2088 ἐλεύθερον,
513 2040 578 2076 τοῦ
605 2038 643 2075 δὲ
671 2037 936 2087 Δημοσθένους
960 2039 1151 2087 ἀσέβειαν,
1174 2037 1298 2085 ἐπειδὴ
1325 2038 1487 2088 χορηγὸς

156 2095 175 2131 ὁ
205 2094 474 2143 τετυπτημένος
504 2093 563 2130 καὶ
593 2095 630 2131 ἐν
660 2092 870 2132 Διονυσίοις
900 2092 960 2129 καὶ
989 2095 1026 2130 ἐν
1054 2094 1106 2143 τῷ
1136 2092 1286 2143 θεάτρῳ·
1327 2092 1387 2129 διὰ
1415 2093 1487 2143 γὰρ

155 2149 293 2186 τούτων
314 2148 373 2185 καὶ
393 2148 623 2196 ἠσεβηκέναι
638 2147 702 2184 τὸν
718 2146 874 2184 Μειδίαν
894 2146 1025 2194 φησίν·
1056 2148 1102 2185 ὡς
1123 2145 1213 2184 εἶναι
1232 2146 1387 2184 διπλοῦν
1402 2146 1488 2194 ὅρον

156 2203 249 2240 κατὰ
268 2203 473 2250 σύλληψιν.
526 2201 634 2250 (ἔστι
654 2201 693 2238 δὲ
709 2201 802 2238 κατὰ
816 2201 1049 2249 σύλληψιν>,
1065 2200 1153 2238 ὅταν
1167 2201 1219 2249 μὴ
1237 2201 1488 2248 ἐκβάλλοντες

154 2257 197 2294 τὸ
217 2257 289 2294 ὑπὸ
309 2259 380 2294 τῶν
400 2255 590 2294 ἀντιδίκων
611 2255 854 2306 εἰσαγόμενον
874 2255 1001 2304 ὄνομα,
1024 2255 1083 2292 καὶ
1111 2255 1233 2303 ἕτερον
1253 2256 1351 2305 αὐτῷ
1370 2271 1487 2303 προσ-

199 2369 216 2398 7
242 2358 341 2400 παρὰ]
360 2359 431 2400 περὶ
449 2357 491 2389 al.
509 2370 514 2389 z
542 2358 600 2389 ὑπὸ
616 2357 657 2388 al.
676 2367 683 2386 :
709 2357 759 2388 ἐπὶ
777 2355 817 2387 al.
947 2357 966 2385 8
991 2357 1042 2387 ὑπ’
1062 2358 1158 2388 αὐτοῦ
1177 2356 1365 2396 Spalding:
1391 2358 1486 2388 αὑτοῦ

154 2403 207 2477 {fil
231 2405 331 2483 ξύἔοῦ
357 2402 454 2433 codd.
622 2410 663 2430 22
696 2400 766 2432 ἔστι
791 2423 799 2430 .
822 2423 854 2430 ..
882 2399 1046 2440 σύλληψιν
1070 2400 1145 2430 add.
1172 2399 1321 2439 Sauppe,
1347 2399 1387 2430 cs.
1413 2409 1483 2438 arg.

1320 2487 1356 2513 4*

1518 1227 1637 1282 [509]
