1737 2734
136 135 256 191 xxm]
449 137 578 179 KAT'
621 140 1137 179 ΑΡΙΣΤΟΚΡΑΤΟΎΣ

132 246 270 295 ἥντινα
306 244 498 295 βούλεται
534 244 773 296 λαμβάνειν,
813 247 938 286 εἰπεῖν
976 245 1038 285 ὅτι
1076 245 1212 284 πίστιν
1251 242 1300 284 ἂν
1339 243 1463 283 οἴεται

132 311 322 364 γενέσθαι
356 312 494 362 μόνην,
529 313 562 353 εἰ
595 311 765 362 δείξειαν
802 313 921 357 ὅπως,
955 311 1003 351 ἂν
1036 312 1184 352 ἀδικεῖν
1219 310 1460 361 βούλωνται,

130 378 181 429 μὴ
208 376 459 424 δυνήσονται,
486 379 571 419 ἐπεὶ
596 379 657 419 ὅτι
681 379 720 431 γ’
741 379 802 419 ἀεὶ
828 377 1102 428 βουλήσονται
1127 378 1168 418 εὖ
1194 376 1351 417 εἰδέναι·
1389 377 1462 418 ἕως

131 445 179 484 ἂν
199 444 266 484 οὖν
286 445 490 489 δύνωνται,
512 446 649 485 πίστιν
675 445 743 484 οὐκ
771 445 883 485 εἶναι.
944 445 1100 494 ταύτην,
1123 444 1171 484 ἂν
1197 443 1283 494 ἐμοὶ
1308 445 1462 496 χρῆσθε

92 529 109 559 5
132 511 364 565 συμβούλῳ,
397 510 597 563 φυλάξετε
630 511 701 561 τὴν
733 513 872 551 πίστιν
905 511 1002 562 πρὸς
1034 514 1174 550 τοῦτον
1206 510 1275 550 τὸν
1306 512 1458 565 Θρᾷκα,

132 577 194 617 καὶ
217 577 270 628 μὴ
297 577 547 628 βουλήσεσθ’
567 577 712 618 εἰδέναι
738 577 810 617 τιν’
835 577 895 623 ἄν,
919 579 952 618 εἰ
977 577 1110 627 πάσης
1134 577 1263 629 ἄρξειε
1284 575 1458 631 Θρᾴκης,

132 644 228 696 πρὸς
253 645 351 695 ὑμᾶς
378 645 496 698 σχοίη
523 645 695 696 γνώμην.

191 710 286 751 ‘'O-n
332 712 463 751 τοίνυν
509 712 612 753 ὅλως
660 711 740 750 οὐδ’
782 712 1040 762 ὑγιαινόντων
1092 710 1202 751 ἐστὶν
1244 710 1459 762 ἀνθρώπων

130 780 290 817 τοιαῦτα
316 776 486 829 γράφειν
510 779 760 830 ψηφίσματα
788 778 850 817 καὶ
880 778 1028 818 διδόναι
1057 778 1140 817 τισὶ
1169 778 1352 819 τοιαύτας
1383 779 1457 817 δω-

74 861 110 883 10
129 843 250 895 ρειάς,
272 845 335 884 καὶ
359 843 464 884 τοῦτ’
484 845 525 883 ἐκ
553 848 716 885 πολλῶν
740 842 875 898 ῥᾴδιον
901 849 1063 896 γνῶναι.
1123 846 1210 884 ’ίστε
1235 846 1309 896 γὰρ
1335 842 1460 894 δήπου

130 910 288 957 πάντες,
327 909 356 950 ὦ
395 910 533 962 ἄνδρες
572 909 788 960 Ἀθηναῖοι,
829 910 934 950 τοῦθ’
973 911 1116 961 ὁμοίως
1156 911 1253 961 ἐμοί,
1292 911 1353 950 ὅτι
1390 910 1460 951 τὸν

133 978 262 1017 Κότυν
301 977 387 1017 ποτ’
423 978 575 1018 ἐκεῖνον
614 976 863 1027 ἐποιήσασθε
902 979 1083 1028 πολίτην,
1122 980 1243 1027 δῆλον
1283 977 1334 1019 ὡς
1375 976 1458 1016 κατ’

130 1045 281 1084 ἐκεῖνον
306 1043 374 1084 τὸν
399 1045 544 1096 χρόνον
570 1044 707 1084 εὔνουν
731 1044 956 1096 ἡγούμενοι.
1018 1045 1080 1085 καὶ
1104 1044 1182 1095 μὴν
1209 1044 1270 1084 καὶ
1294 1047 1460 1097 χρυσοῖς

131 1110 347 1163 στεφάνοις
372 1112 654 1162 ἐστεφανοῦτε,
676 1110 743 1151 οὐκ
764 1110 824 1155 ἄν,
847 1113 883 1151 εἴ
906 1110 941 1163 γ’
961 1110 1107 1165 ἐχθρὸν
1130 1111 1307 1163 ἡγεῖσθε.
1366 1110 1458 1150 ἀλλ’

72 1195 108 1225 15
130 1179 247 1228 ὅμως,
275 1178 409 1228 ἐπειδὴ
434 1181 605 1230 πονηρὸς
630 1178 692 1218 καὶ
723 1181 826 1219 θεοῖς
861 1177 1003 1232 ἐχθρὸς
1032 1177 1080 1228 ἣν
1105 1179 1168 1218 καὶ
1193 1176 1335 1229 μεγάλ’
1360 1178 1458 1228 ὑμᾶς

129 1244 265 1294 ἠδίκει,
286 1245 376 1286 τοὺς
396 1245 706 1287 ἀποκτείναντας
724 1246 878 1285 ἐκεῖνον
898 1245 1072 1285 Πύθωνα
1092 1246 1154 1284 καὶ
1174 1244 1456 1296 Ἡρακλείδην,

128 1312 219 1353 τοὺς
245 1312 414 1358 Αἰνίους,
442 1312 607 1353 πολίτας
633 1310 871 1362 ἐποιήσασθ’
897 1311 949 1353 ὡς
973 1311 1182 1364 εὐεργέτας
1207 1313 1269 1352 καὶ
1294 1314 1459 1364 χρυσοῖς

129 1378 348 1430 στεφάνοις
389 1379 715 1431 ἐστεφανώσατε.
788 1380 821 1419 εἰ
859 1378 905 1429 δὴ
944 1379 1045 1425 τότε,
1086 1379 1144 1419 ὅθ’
1181 1379 1271 1429 ὑμῖν
1306 1379 1458 1419 οἰκείως

129 1445 237 1498 ἔχειν
263 1445 284 1484 ὁ
310 1446 436 1487 Κότυς
466 1446 606 1492 ἐδόκει,
633 1445 789 1498 ἔγραψέ
813 1462 885 1491 τις,
910 1445 959 1486 ἄν
987 1463 1046 1488 τις
1075 1447 1288 1501 ἀποκτείνῃ
1315 1445 1454 1490 Κότυν,

72 1528 110 1549 20
129 1511 292 1552 ἕκὸοτον
315 1513 436 1552 αὐτὸν
460 1512 573 1558 εἶναι,
600 1513 733 1565 πότερ’
759 1512 904 1564 ἐξέδοτ’
929 1512 978 1553 ἂν
1007 1512 1078 1553 τὸν
1103 1513 1275 1552 Πύθωνα
1301 1512 1364 1552 καὶ
1387 1511 1456 1552 τὸν

129 1579 321 1631 ἀδελφόν,
348 1576 372 1629 ἢ
397 1581 504 1631 παρὰ
527 1579 572 1619 τὸ
597 1578 797 1631 ψήφισμα
823 1583 940 1620 τοῦτο
970 1580 1136 1621 πολίτας
1165 1581 1368 1620 ἐποιεῖσθε
1394 1579 1456 1619 καὶ

130 1645 180 1686 ὡς
201 1644 408 1698 εὐεργέτας
431 1647 611 1696 ἐτιμᾶτε;
646 1648 686 1686 τί
708 1646 760 1692 δ’;
799 1645 1064 1699 Ἀλέξανδρον
1091 1648 1240 1687 ἐκεῖνον
1265 1645 1333 1686 τὸν
1350 1648 1454 1686 Θετ-

129 1712 267 1758 ταλόν,
287 1712 387 1762 ἡνίκ’
408 1713 492 1766 εἶχε
516 1716 589 1763 μὲν
613 1712 869 1767 αἰχμάλωτον
894 1712 1019 1763 δήσας
1045 1715 1290 1758 Πελοπίδαν,
1318 1712 1457 1765 ἐχθρὸς

130 1777 163 1817 δ’
197 1778 248 1820 ὡς
281 1778 407 1821 οὐδεὶς
439 1778 487 1829 ἦν
522 1781 733 1830 Θηβαίοις,
769 1781 859 1831 ὑμῖν
893 1780 926 1820 δ’
960 1782 1112 1822 οἰκείως
1147 1779 1303 1820 διέκειθ’
1335 1780 1458 1821 οὕτως

72 1859 110 1890 25
130 1845 235 1885 ὥστε
267 1845 358 1897 παρ’
389 1847 497 1896 ὑμῶν
530 1846 754 1899 στρατηγὸν
786 1848 922 1894 αἰτεῖν,
958 1848 1164 1898 ἐβοηθεῖτε
1196 1847 1228 1886 δ’
1258 1847 1360 1900 αὐτῷ
1396 1846 1458 1886 καὶ

131 1911 247 1952 πάντ’
281 1911 329 1962 ἦν
363 1912 638 1964 Ἀλέξανδρος,
674 1913 772 1965 πρὸς
807 1913 903 1956 Διὸς
937 1915 974 1954 εἴ
1002 1931 1061 1956 τις
1094 1914 1285 1966 ἔγραψεν,
1319 1912 1368 1953 ἄν
1400 1929 1458 1954 τις

131 1979 343 2035 ἀποκτείνῃ
383 1978 660 2031 Ἀλέξανδρον,
699 1981 901 2032 ἀγώγιμον
941 1981 1053 2027 εἶναι,
1090 1980 1150 2032 ἆρ’
1187 1980 1235 2020 ἂν
1271 1981 1325 2020 ὧν
1360 1980 1459 2030 μετὰ

130 2044 239 2085 ταῦθ’
257 2045 425 2097 ὕβρισεν
446 2046 508 2086 καὶ
533 2046 858 2097 προύπηλάκισεν
881 2048 1066 2099 ἀσφαλὲς
1092 2046 1138 2097 ἦν
1158 2064 1211 2101 τῳ
1231 2046 1321 2098 παρ’
1341 2046 1459 2085 αὐτοῦ

131 2113 244 2162 δίκην
271 2115 484 2165 πειρᾶσθαι
513 2116 677 2164 λαβεῖν;
716 2115 757 2154 τί
782 2116 824 2154 δὲ
856 2113 987 2154 τᾶλλα
1019 2114 1133 2166 λέγοι
1164 2130 1222 2155 τις
1255 2113 1322 2160 ἄν;
1366 2111 1458 2152 ἀλλ’

175 2231 239 2260 3-4
271 2221 327 2254 ἕως
352 2246 358 2252 .
387 2246 393 2252 .
420 2246 427 2253 .
455 2222 533 2254 εἶναι
562 2222 641 2254 secl.
671 2222 817 2259 Dobree‚
846 2228 936 2253 recte
966 2228 1047 2262 puto
1224 2233 1242 2261 5
1275 2223 1403 2254 τουτονὶ
1428 2220 1460 2251 Α

131 2265 153 2294 6
177 2265 381 2303 βουλήσεσθε
404 2266 515 2301 codd„
539 2266 581 2298 cf.
610 2266 727 2305 Lysias
750 2267 834 2296 xxix
860 2276 918 2305 13:
948 2266 1149 2307 βουληζσθῖε
1173 2266 1271 2306 Pap.:
1297 2265 1459 2303 βούλεσθε

134 2307 270 2338 Bekker
359 2310 450 2349 ἄρξας
470 2309 493 2339 S
511 2321 560 2349 γρ.
579 2320 585 2340 2
612 2310 739 2348 recepit
758 2310 855 2340 Blass
872 2310 985 2340 deleto
1005 2312 1032 2342 εἰ
1144 2311 1164 2340 8
1188 2310 1358 2349 ἀνθρώπων
1374 2308 1456 2339 secl.

135 2349 243 2388 Blass,
260 2350 300 2383 cf.
322 2352 338 2388 5
361 2362 420 2382 122
530 2361 565 2390 13
591 2353 642 2384 καὶ
659 2353 758 2393 φίλον
775 2357 852 2392 post
869 2353 1041 2393 ἡγούμενοι
1058 2353 1132 2384 add.
1155 2352 1243 2392 vulg.
1263 2353 1343 2392 Pap.
1363 2363 1370 2383 :
1393 2361 1460 2382 om.

135 2393 160 2423 S
176 2393 268 2464 {olus
284 2399 319 2425 et
337 2394 418 2434 Pap.
436 2404 520 2425 corr.
673 2406 715 2425 20
739 2396 816 2427 εἶναι
834 2405 899 2426 orn.
919 2396 954 2426 5¹
1067 2395 1188 2436 πότερα
1204 2396 1234 2425 Α
1249 2407 1256 2426 :
1281 2396 1418 2436 πότερον
1435 2395 1459 2425 S

134 2446 175 2464 vu
192 2447 223 2474 g.

1492 135 1611 190 [659]

1493 713 1559 748 118

1494 1123 1557 1157 119

1487 1511 1612 1565 [660]

1492 1659 1556 1684 120

1492 2123 1551 2148 121
