1737 2734
112 135 224 189 [802]

190 1652 233 1676 10

658 131 1173 185 [AHMOEOENOTE]
1462 131 1578 184 [xxm

257 239 378 287 μηδὲν
403 239 474 286 μὲν
500 237 649 287 ἀγαθὸν
671 235 944 287 εἰργασμένον,
966 237 1195 287 ὑπερπληθῆ
1222 235 1253 275 δ’
1274 235 1577 285 ἐξημαρτηκότα,

258 307 394 343 τοῦτον
428 305 526 343 οὕτω
560 304 779 354 προχείρως
814 303 1030 353 φαίνεσθαι
1064 303 1125 342 καὶ
1158 303 1262 352 παρὰ
1294 302 1339 342 τὸ
1375 302 1580 352 συμφέρον

259 370 321 409 καὶ
347 369 391 409 τὸ
417 371 566 409 δίκαιον
588 368 772 418 ἐξουσίαν
791 368 879 419 παρ’
896 370 1000 418 ὑμῶν
1021 372 1089 407 τοῦ
1110 371 1350 418 παρανομεῖν
1371 369 1578 419 εἰληφότα.

260 437 322 475 καὶ
348 437 387 475 τί
417 439 477 475 δεῖ
507 435 642 486 λέγειν
668 436 755 485 περὶ
788 438 865 474 τῶν
892 438 1090 480 παλαιῶν,·
1131 436 1236 474 ἀλλὰ
1266 434 1355 475 τοὺς
1387 433 1449 485 ἐφ’
1475 435 1581 483 ὑμῶν

259 503 386 542 αὐτῶν
412 502 725 553 ἀναλογίσασθε,
749 503 784 541 εἴ
806 517 863 542 τις
889 502 1010 542 οὕτως
1035 500 1193 550 ἀναιδὴς
1220 500 1385 552 γέγονεν
1410 501 1579 540 πώποτε·

259 568 398 608 οὐδένα
430 570 505 619 γὰρ
538 568 584 607 ἂν
621 569 780 617 εὕροιτε,
817 569 849 606 εἰ
884 566 1131 616 βουλήσεσθ’
1165 567 1338 618 ἀκριβῶς
1371 565 1580 616 ἐξετάζειν.

259 635 379 687 χωρὶς
404 636 537 674 τοίνυν
562 635 722 679 τούτων,
745 635 839 673 ὅταν
866 650 922 674 τις
942 635 1205 685 ψηφίσματος
1232 630 1253 682 ἦ
1280 634 1399 683 νόμου
1425 632 1582 684 γραφὴν

259 701 455 755 ἀπενέγκῃ
483 701 577 752 πρὸς
603 701 691 742 τοὺς
719 700 971 750 θεσμοθέτας,
1000 701 1019 738 ὁ
1043 702 1115 750 μὲν
1141 701 1257 748 νόμος
1283 697 1305 748 ἦ
1330 699 1375 738 τὸ
1399 698 1580 750 ψήφισμ’

258 767 401 818 ἄκυρόν
428 769 551 813 ἐστιν,
574 768 593 806 ὁ
620 770 660 807 δὲ
687 767 766 808 θεὶς
793 764 813 816 ἦ
840 766 1000 818 γράψας
1026 766 1137 806 οὐδὲν
1164 767 1422 818 ἀναισχυντεῖ
1444 766 1579 815 βιαζό-

258 850 388 884 μενος,
424 833 515 873 ἀλλ’
540 835 562 873 ’ό
594 850 631 873 τι
665 833 712 873 ἂν
738 834 846 884 ὑμεῖς
877 834 1132 885 ψηφίσησθε,
1159 834 1282 886 τούτῳ
1314 831 1482 882 ἐμμένει,
1512 831 1582 871 κᾶν

258 900 456 956 ᾗπρῶτος
489 903 541 954 τῷ
573 900 765 940 δύνασθαι
798 899 932 951 λέγειν
959 897 978 948 ὴ
1007 898 1191 950 πράττειν
1222 900 1263 938 ἐν
1296 900 1397 948 ὑμῖν.
1460 899 1584 938 καίτοι

260 971 340 1008 πῶς
367 967 479 1006 οὐκ“’
459 983 620 1012 ατοπον,
650 984 673 1006 α
702 969 773 1016 μὲν
802 967 971 1007 ἅπαντες
1003 967 1110 1015 ι’μεῖς
1141 965 1405 1016 συλλεγέντες
1431 966 1579 1016 ἐψηφί-

1187 1031 1251 1072 δ’)

260 1036 403 1079 σασθε,
432 1035 494 1074 διὰ
525 1050 613 1074 τους
644 1034 784 1083 νόμοις
815 1032 919 1083 ἄκιρ
947 1050 1003 1072 ειι
1008 1050 1057 1076 αι
1085 1046 1205 1081 τηνο
1257 1032 1584 1083 Αριστογείτονος

259 1101 461 1150 βούλησιν
495 1101 549 1141 εἷς
583 1100 626 1139 τὸ
661 1103 903 1150 παρανομεῖν
938 1115 1173 1149 κιριωτεραν
1206 1101 1361 1138 οἴεσθαι
1394 1100 1473 1138 δεῖν
1506 1102 1584 1137 τῶν

260 1168 390 1217 νόμων
425 1167 551 1206 αὐτῶν
586 1169 853 1215 καταστῆσαι,·
893 1165 1013 1206 πάλιν
1046 1167 1177 1205 τοίνυν
1207 1166 1301 1205 ὅταν
1333 1181 1390 1205 τις
1420 1164 1584 1214 ἐπεξιὼν

258 1233 310 1283 μὴ
347 1233 558 1289 μεταλάβῃ
596 1233 638 1272 τὸ
674 1233 850 1283 πέμπτον
886 1232 1002 1284 μέρος
1039 1236 1116 1272 τῶν
1147 1230 1314 1283 ψήφων,
1355 1230 1418 1282 ἐφ’
1456 1232 1512 1272 οἷς
1549 1232 1585 1270 οἱ

259 1301 373 1350 νόμοι
400 1300 604 1340 κελεύουσι
629 1299 673 1340 τὸ
697 1299 838 1339 λοιπὸν
863 1299 914 1349 μὴ
941 1298 1169 1351 γράφεσθαι
1194 1297 1283 1348 μηδ’
1304 1297 1471 1348 ἀπάγειν
1497 1297 1584 1347 μηδ’

259 1368 512 1418 ἐφηγεῖσθαι,
553 1367 622 1407 τὸν
665 1366 778 1406 αὑτὸν
822 1367 965 1417 τρόπον
1009 1368 1111 1417 παρὰ
1154 1364 1258 1404 ταῦτ’
1296 1364 1420 1406 οὐδεὶς
1465 1366 1586 1404 οἴεται

260 1437 341 1473 δεῖν
376 1433 561 1484 πράττειν
596 1437 673 1473 τῶν
711 1433 860 1485 ἐνόχων
897 1435 1021 1472 ὄντων
1058 1432 1211 1472 τούτοις
1245 1434 1327 1472 τοῖς
1364 1431 1584 1480 ἐπιτιμίοις.

260 1500 574 1552 Ἀριστογείτονι
599 1500 653 1545 δέ,
683 1501 732 1541 ὡς
759 1500 870 1545 ἔοικε,
899 1500 1003 1553 μόνῳ
1034 1503 1111 1538 τῶν
1141 1497 1324 1538 ἁπάντων
1354 1497 1465 1537 οὐδὲν
1498 1498 1586 1536 οὔτε

262 1566 514 1617 δικαστήριον
539 1567 625 1606 οὔτε
653 1567 771 1616 νόμος
802 1567 1033 1617 κυριώτερόν
1066 1567 1153 1605 ἐστι
1186 1567 1254 1614 τῆς
1287 1566 1404 1604 αὑτοῦ
1435 1563 1584 1614 βουλή-

263 1650 376 1675 σεως.
450 1634 512 1673 καὶ
547 1637 668 1673 ταῦτα
701 1633 814 1673 πάνθ’
840 1634 939 1672 οὕτω
974 1631 1313 1684 διαφυλάττουσιν
1347 1629 1587 1671 οὐδεπώποτ’

262 1699 344 1740 οὔθ’
386 1701 475 1750 ὑμῖν
518 1701 605 1740 οὔτε
647 1704 729 1741 τοῖς
771 1701 980 1751 προγόνοις
1021 1698 1304 1749 μετεμέλησεν.
1377 1699 1463 1737 ἔστι
1513 1699 1587 1748 γὰρ

261 1768 521 1818 δημοκρατίας
555 1767 714 1818 φιλακη
748 1770 825 1806 τῶν
861 1783 933 1816 μεν
971 1767 1124 1818 εχθρῶν
1158 1782 1180 1814 η
1218 1763 1531 1815 βουλευομένους
1565 1780 1587 1812 η

261 1850 510 1887 μαχομειους
559 1837 760 1882 περιεῖναι,
805 1836 881 1873 τῶι
928 1835 968 1873 δε
1019 1833 1148 1882 νόμων
1195 1849 1218 1880 η
1261 1830 1589 1882 προαιρουμένους
1632 1849 1647 1878 .'

261 1917 283 1949 η
315 1900 727 1952 συιαιαγκαζομειους
757 1900 963 1950 ἡττασθαι.
1039 1915 1101 1938 και
1132 1897 1240 1938 ταῦθ’
1265 1899 1325 1937 ὅτι
1355 1901 1492 1937 τοῦτον
1521 1896 1589 1936 τὸν

260 1967 407 2018 τρόπον
433 1966 624 2018 προσήκει
651 1966 906 2017 πράττεσθαι,
937 1967 998 2005 καὶ
1031 1965 1120 2017 παρ’
1146 1965 1263 2004 αὐτοῦ
1293 1965 1431 2004 τούτου
1462 1981 1587 2003 συνω-

310 2087 321 2107 1
349 2075 408 2114 μὲν
425 2087 487 2106 orn.
510 2076 532 2105 S
548 2076 578 2105 Y
669 2076 872 2114 ὑπερπληθῆἾ
890 2078 1065 2115 παμπληθῆ
1085 2075 1109 2105 F
1122 2075 1144 2104 S
1162 2088 1212 2115 γρ.
1341 2076 1361 2103 6
1385 2075 1589 2111 Βουλήσεσθε

263 2120 286 2150 S
300 2120 328 2149 Y
341 2120 372 2150 O
389 2132 395 2150 :
420 2121 581 2156 Βούλεσθε
600 2119 649 2151 ΑΖ
677 2120 849 2155 βούλο.σθε
869 2119 893 2149 F
1086 2129 1107 2156 9
1132 2131 1243 2158 ακυρος
1262 2118 1284 2147 S
1484 2127 1516 2146 11
1545 2121 1590 2157 τῷ

263 2165 286 2193 5
300 2163 350 2193 Y:
376 2166 413 2194 τὸ
430 2163 517 2200 vulg.
681 2172 719 2202 13
743 2165 793 2194 διὰ
811 2163 834 2192 S
847 2163 878 2192 Α
894 2163 923 2192 Y
937 2162 986 2193 O:
1013 2164 1095 2194 κατὰ
1114 2162 1138 2191 F
1253 2167 1330 2191 ante
1348 2162 1407 2198 διὰ,
1426 2171 1493 2190 non
1514 2166 1587 2199 post

264 2207 385 2245 νόμους,
422 2207 576 2237 distinxit
604 2205 695 2236 VVeil
919 2216 956 2245 15
992 2207 1197 2241 καταστῆσαι
1227 2206 1322 2234 codd.
1343 2217 1349 2234 ε
1389 2206 1589 2240 καταστῆναι

264 2250 302 2280 G.
324 2250 367 2279 H.
390 2249 553 2280 Schacser
667 2252 705 2280 16
727 2251 770 2288 μὴ
787 2249 976 2289 μεταλάβῃῗ
996 2249 1179 2285 μετὰλάβηι
1199 2248 1233 2278 S.
1253 2249 1312 2278 sed
1332 2248 1463 2278 litterae
1480 2260 1538 2278 ετα
1556 2247 1587 2276 in

264 2303 402 2323 rasura:
440 2294 582 2323 sortasse
611 2293 671 2322 fuit
697 2295 883 2331 μήτελάβηι
913 2292 1093 2332 ÷Dindors·„=
1228 2301 1263 2321 21
1305 2293 1490 2330 κυριώτερος
1515 2289 1588 2319 ΑΟ

265 2339 359 2368 αὑτοῦ
384 2337 456 2366 θεῖαΔ
476 2336 596 2366 Turn:
630 2339 726 2368 αυτοῦ
753 2336 795 2367 S:
831 2339 927 2367 αὐτοῦ
951 2336 1048 2366 codd.
1185 2345 1224 2372 24
1257 2336 1294 2365 τὸ
1319 2339 1396 2364 ante
1421 2338 1486 2365 τῶν
1510 2334 1586 2363 add.

268 2379 312 2409 F:
338 2390 401 2410 orn.
424 2379 447 2410 S
460 2380 488 2409 Α
502 2379 529 2409 Y
544 2379 573 2410 O
708 2389 747 2418 27
773 2383 914 2421 φανερῶς
932 2385 1006 2419 post
1023 2380 1138 2411 τούτου
1154 2379 1230 2409 add.
1251 2378 1280 2407 Α
1295 2377 1319 2407 F

1606 851 1644 871 10

1609 1515 1647 1537 20
