1737 2734
131 154 242 208 [529]

198 615 218 646 ,δὴ

223 606 241 638 03

195 949 240 981 49

190 1743 228 1779 51

700 155 1187 193 ΔΗΜΟΣΘΕΝΟὙΣ
1515 153 1603 207 [xxl

275 252 359 289 ὅσοι
390 251 420 289 δ’
451 251 495 289 ἂν
525 253 740 302 γράφωνται
772 253 920 302 γραφὰς
955 251 1044 290 ἰδίας
1079 254 1170 288 κατὰ
1203 253 1266 290 τὸν
1300 253 1423 301 νόμον,
1458 254 1518 291 ἐάν
1552 271 1604 294 τις

273 307 324 355 μὴ
357 305 535 355 ἐπεξέλθῃ
568 304 590 353 ἦ
623 305 773 348 ἐπεξιὼν
803 306 855 353 μὴ
889 306 1089 354 μεταλάβῃ
1121 307 1164 342 τὸ
1195 307 1363 354 πέμπτον
1393 309 1502 356 μέρος
1533 311 1604 345 τῶν

274 361 420 408 ψήφων,
438 360 671 396 ἀποτεισάτω
687 359 810 408 χιλίας
827 359 992 409 δραχμὰς
1007 360 1058 410 τῷ
1073 359 1253 410 δημοσίῳ.
1299 363 1361 398 ἐὰν
1377 360 1414 398 δὲ
1431 362 1603 412 ἀργυρίου

273 413 412 463 τιμηθῇ
441 415 505 461 τῆς
534 414 686 461 ὕβρεως,
718 413 890 455 δεδέσθω,
923 415 985 451 ἐὰν
1015 413 1206 462 ἐλεύθερον
1236 415 1390 464 ὑβρίσῃ,
1420 416 1530 465 μέχρι
1560 416 1604 454 ἂν

274 468 432 517 ἐκτείσῃ.
1623 478 1639 507 5

343 594 531 639 Ἀκούετ’,
558 592 587 633 ὧ
617 594 756 646 ἄνδρες
784 594 1000 644 Ἀθηναῖοι,
1028 598 1096 634 τοῦ
1125 595 1246 645 νόμου
1276 597 1345 644 τῆς
1374 600 1599 649 φιλανθρω-

274 663 376 707 πίας,
403 661 445 702 ὃς
471 661 559 701 οὐδὲ
592 662 682 703 τοὺς
713 662 879 702 δούλους
904 662 1138 712 ὑβρίζεσθαι
1164 661 1279 711 ἀξιοῖ.
1351 664 1392 702 τί
1413 663 1481 702 οὖν
1506 664 1602 715 πρὸς

273 732 392 771 θεῶν,·
419 730 455 768 εἴ
477 745 535 768 τις
562 729 616 769 εἰς
641 728 729 770 τοὺς
758 727 992 779 βαρβάρους
1011 728 1182 779 ἐνεγκὼν
1210 732 1277 768 τὸν
1303 729 1423 779 νόμον
1447 733 1599 775 τοῦτον,

273 795 361 846 παρ’
388 796 441 834 ὧν
467 796 515 834 τὰ
540 794 752 845 ἀνδράποδ’
773 796 828 836 εἰς
854 794 944 835 τοὺς
962 793 1169 844 “Ελληνας
1195 795 1403 844 κομίζεται,
1431 797 1600 836 ἐπαινῶν

271 863 369 911 ὑμᾶς
407 862 469 900 καὶ
502 861 656 911 διεξιὼν
693 861 780 912 περὶ
817 864 886 911 τῆς
919 862 1073 902 πόλεως
1104 862 1205 900 εἴποι
1240 861 1337 912 πρὸς
1369 861 1509 903 αὐτοὺς
1541 865 1602 903 ὅτι
1623 880 1661 901 10

274 930 404 968 ἐἰσὶν
426 927 628 977 ”Ελληνές
662 945 765 969 τινες
801 928 998 978 ἄνθρωποι
1032 929 1154 968 οὕτως
1188 929 1323 979 ἥμεροι
1358 928 1419 968 καὶ
1453 928 1597 980 φιλάν-

271 998 420 1046 θρωποι
445 995 533 1036 τοὺς
562 995 729 1046 τρόπους
759 996 865 1034 ὥστε
894 994 1012 1034 πόλλ’
1038 994 1104 1045 ὑφ’
1131 995 1238 1044 ὑμῶν
1272 994 1508 1044 ἠδικημένοι,
1537 997 1599 1036 καὶ

271 1062 393 1113 φύσει
422 1063 490 1110 τῆς
522 1061 616 1111 πρὸς
646 1061 744 1110 ὑμᾶς
775 1061 922 1114 ἔχθρας
950 1061 1082 1101 αὐτοῖς
1111 1061 1368 1113 ὑπαρχούσης
1395 1064 1596 1112 πατρικῆς,

269 1129 374 1178 ὅμως
405 1127 483 1168 οὐδ’
521 1129 628 1167 ὅσων
664 1127 712 1167 ἂν
747 1127 863 1177 τιμὴν
898 1127 1129 1168 καταθέντες
1166 1128 1329 1168 δούλους
1360 1127 1596 1176 κτήσωνται,

271 1195 360 1236 οὐδὲ
394 1195 553 1235 τούτους
586 1195 761 1246 ὑβρίζειν
794 1194 986 1244 ἀξιοῦσιν,
1022 1195 1128 1234 ἀλλὰ
1162 1194 1282 1243 νόμον
1321 1195 1492 1248 δημοσίᾳ
1529 1195 1598 1235 τὸν
1620 1211 1657 1243 15

268 1265 390 1301 ταῦτα
417 1261 650 1301 κωλύσοντα
674 1261 871 1301 τέθεινται
899 1260 1053 1300 τουτονὶ
1079 1261 1142 1300 καὶ
1165 1261 1343 1302 πολλοὺς
1367 1261 1438 1310 ἤδη
1470 1278 1594 1313 παρα-

268 1327 421 1377 βάντας
456 1328 525 1368 τὸν
568 1329 688 1377 νόμον
725 1331 864 1367 τοῦτον
902 1327 1164 1377 ἐζημιώκασιν
1203 1326 1384 1381 θανάτῳ,’
1422 1329 1454 1367 εἰ
1491 1328 1596 1368 ταῦτ’

269 1395 480 1434 ἀκούσειαν
511 1396 572 1434 καὶ
603 1398 757 1434 συνεῖεν
783 1396 818 1434 οἱ
848 1393 1063 1445 βάρβαροι,
1090 1393 1159 1433 οὐκ
1189 1393 1237 1433 ἂν
1266 1395 1398 1434 οἴεσθε
1427 1396 1597 1448 δημοσία

268 1461 417 1503 πάντας
450 1463 548 1511 ὑμᾶς
582 1460 796 1512 προξένους
826 1462 952 1500 αὑτῶν
985 1459 1249 1510 ποιήσασθαι;
1287 1460 1354 1500 τὸν
1387 1462 1518 1501 τοίνυν
1551 1461 1596 1501 οὐ

268 1530 371 1579 παρὰ
407 1531 488 1570 τοῖς
517 1527 722 1577 ’Ἓλλησιν
757 1528 878 1578 μόνον
916 1527 1191 1577 εὐδοκιμοῦντα
1226 1527 1361 1577 νόμον,
1389 1527 1494 1567 ἀλλὰ
1533 1530 1595 1568 καὶ
1618 1544 1656 1565 20

266 1596 370 1646 παρὰ
408 1599 490 1636 τοῖς
528 1594 753 1646 βαρβάροις
794 1594 834 1633 εὖ
877 1594 1030 1644 δόξαντ’
1073 1594 1121 1634 ἂν
1163 1595 1284 1647 ἔχειν,
1323 1594 1532 1634 σκοπεῖσθ’
1575 1595 1595 1634 ὁ

266 1663 450 1713 παραβὰς
476 1662 612 1711 ἥντινα
638 1661 726 1702 δοὺς
752 1661 862 1709 δίκην
888 1660 1002 1710 ἀξίαν
1027 1660 1140 1700 ἔσται
1167 1661 1354 1702 δεδωκώς.

333 1729 381 1768 Εἰ
399 1731 471 1778 μὲν
496 1729 639 1777 τοίνυν,
668 1726 697 1768 ὦ
723 1728 860 1778 ἄνδρες
886 1727 1102 1777 Ἀθηναῖοι,
1129 1727 1181 1778 μὴ
1208 1731 1380 1780 χορηγὸς
1406 1727 1459 1768 ὢν
1484 1729 1593 1768 ταῦτ’

265 1795 496 1835 ἐπεπόνθειν
527 1796 600 1834 ὑπὸ
633 1796 809 1839 Μειδίου,
842 1795 960 1845 ὕβριν
994 1794 1040 1835 ἄν
1071 1811 1128 1835 τις
1157 1795 1278 1844 μόνον
1310 1794 1484 1846 κατέγνω
1515 1799 1593 1835 τῶν

263 1861 550 1913 πεπραγμένων
589 1861 705 1915 αὐτῷ·
754 1864 821 1900 νῦν
861 1860 903 1901 δέ
940 1878 1007 1911 μοι
1053 1863 1171 1906 δοκεῖ,
1214 1861 1284 1901 κᾶν
1324 1861 1520 1911 ἀσέβειαν
1559 1864 1592 1902 εἰ
1615 1883 1650 1914 25

265 1929 594 1979 καταγιγνώσκοι,
633 1930 680 1967 τὰ
722 1926 976 1979 προσήκοντα
1010 1932 1151 1968 ποιεῖν.
1224 1930 1312 1968 ἴστε
1353 1929 1429 1979 γὰρ
1467 1927 1590 1978 δήπου

263 1995 368 2034 τοῦθ’
388 1996 448 2034 ὅτι
467 1995 556 2036 τοὺς
582 1994 725 2048 χοροὺς
745 1996 852 2044 ὑμεῖς
872 1994 1047 2036 ἅπαντας
1067 1995 1227 2036 τούτους
1254 1996 1315 2034 καὶ
1340 1995 1430 2036 τοὺς
1449 1996 1591 2045 ὕμνους

262 2065 314 2115 τῷ
342 2064 415 2115 θεῷ
446 2066 606 2107 ποιεῖτε,
635 2061 679 2101 οὐ
704 2062 826 2111 μόνον
853 2063 949 2100 κατὰ
979 2061 1069 2102 τοὺς
1098 2062 1241 2111 νόμους
1270 2061 1361 2102 τοὺς
1392 2061 1480 2112 περὶ
1512 2066 1590 2102 τῶν

264 2129 501 2173 Διονυσίων,
528 2129 635 2168 ἀλλὰ
675 2129 737 2168 καὶ
778 2129 875 2166 κατὰ
913 2129 981 2169 τὰς
1020 2129 1218 2177 μαντείας,
1244 2129 1286 2168 ἐν
1323 2129 1382 2168 αῖς
1417 2127 1590 2170 ἁπάσαις

262 2194 506 2249 ἀνῃρημένον
541 2193 728 2246 εὑρήσετε
758 2199 805 2250 τῇ
835 2195 961 2240 πόλει,
995 2195 1137 2244 ὁμοίως
1169 2196 1210 2234 ἐκ
1245 2197 1421 2245 Δελφῶν
1455 2195 1517 2235 καὶ
1547 2196 1589 2234 ἐκ
1611 2217 1650 2247 30

263 2262 472 2310 Δωδώνης,
494 2262 637 2314 χοροὺς
664 2260 821 2301 ἱστάναι
849 2263 945 2300 κατὰ
969 2263 1016 2300 τὰ
1037 2261 1179 2312 πάτρια
1206 2262 1267 2301 καὶ
1294 2263 1434 2301 κνισᾶν
1454 2262 1590 2312 ἀγυιὰς

304 2381 322 2407 4
354 2372 412 2407 τῆς
438 2372 556 2410 ὕβρεως
582 2370 646 2401 de1.
676 2371 812 2409 Taylor.
841 2370 957 2399 nescio
982 2380 1023 2400 an
1050 2375 1140 2401 recte
1268 2371 1321 2401 ἐὰν
1346 2370 1380 2401 δὲ
1406 2370 1591 2400 SYFOP

265 2415 364 2452 16—17
390 2415 492 2443 verba
510 2415 560 2445 καὶ
575 2415 736 2446 πολλοὺς.
753 2438 759 2444 .
776 2438 782 2444 .
799 2413 923 2453 θανάτῳ
939 2414 970 2443 in
988 2413 1010 2443 S
1026 2414 1123 2444 obelo
1139 2418 1253 2444 notata
1343 2415 1383 2442 28
1409 2416 1550 2445 ποιεῖσθε
1566 2414 1589 2442 F
