1737 2734
168 126 266 179 xxv]
423 126 552 167 KAT‘
602 128 1150 166 ΑΡΙΣΤΟΓΕΙΤΟΝΟΣ
1200 130 1232 166 A
1527 129 1641 182 [780]

164 233 212 274 ἂν
247 233 301 274 εἷς
334 234 433 274 ὅσον
470 232 634 273 δυνατὸν
672 233 827 285 φεύγοι,
865 233 926 273 καὶ
963 232 1032 273 τὸν
1068 232 1214 286 ἔχοντα
1248 232 1394 283 ταύτην
1431 233 1491 272 ἐκ-

165 301 298 340 ποδὼν
323 299 548 350 ποιήσαιτο,
576 301 640 340 ἵνα
669 299 756 350 μηδ’
783 299 887 339 ἄκων
917 299 1012 355 αὐτῇ
1043 315 1140 339 ποτε
1171 298 1387 355 περιπέσῃ,·
1426 298 1493 339 οὐκ

165 367 367 411 ἀπονοίας,
395 364 423 406 ὦ
451 367 589 418 ἄνδρες
616 365 831 416 Ἀθηναῖοι,
859 366 948 407 τοὺς
973 367 1069 417 ὑπὲρ
1095 367 1281 417 πατρίδος
1299 370 1491 416 βουλευο-

164 433 304 483 μένους
331 435 391 473 δεῖ
416 434 542 483 ζητεῖν
567 435 643 487 ὅτῳ
673 431 995 482 κοινωνήσουσιν,
1022 433 1129 472 ἀλλὰ
1153 436 1222 473 νοῦ
1248 432 1310 472 καὶ
1337 436 1494 485 φρενῶν

126 519 142 549 5
166 501 325 552 ἀγαθῶν
361 501 422 540 καὶ
459 501 644 550 προνοίας
677 502 845 549 πολλῆς.
907 503 1027 539 ταῦτα
1060 501 1132 549 μὲν
1166 501 1241 550 γὰρ
1275 500 1330 541 εἰς
1363 499 1489 540 εὐδαι-

165 567 305 616 μονίαν
324 566 412 618 ἄγει
433 565 583 608 πάντας
610 566 851 618 ἀνθρώπους,
874 566 1002 616 ἐκείνη
1022 566 1055 605 δ’
1080 567 1120 606 οἶ
1141 570 1278 606 τοῦτον
1304 567 1493 606 ἀπελθεῖν

166 635 236 673 δεῖ.
309 635 491 684 θεωρεῖτε
517 636 558 673 δὲ
584 632 635 683 μὴ
655 633 751 685 πρὸς
775 632 844 672 τὸν
871 632 965 683 ἐμὸν
983 633 1119 684 λόγον,
1142 632 1233 672 ἀλλ’
1260 634 1314 675 εἰς
1339 632 1493 673 ἅπαντα
1525 650 1568 684 34

165 701 214 739 τὰ
233 703 311 739 τῶν
332 700 550 751 ἀνθρώπων
576 700 643 750 ἔθη
665 699 900 750 βλέποντες.
961 698 1039 739 εἶσὶ
1064 702 1149 740 ταῖς
1175 700 1321 740 πόλεσι
1345 699 1494 742 πάσαις

164 767 296 816 βωμοὶ
318 766 379 805 καὶ
405 765 479 820 νεῴ
495 766 653 806 πάντων
674 770 750 806 τῶν
772 769 883 812 θεῶν,
908 768 951 806 ἐν
975 768 1017 806 δὲ
1036 766 1187 807 τούτοις
1214 767 1276 806 καὶ
1298 767 1494 818 Προνοίας

106 851 143 872 ιο
164 832 335 882 Ἀθηνᾶς
354 833 404 874 ὡς
421 834 571 884 ἀγαθῆς
593 833 654 872 καὶ
668 832 845 884 μεγάλης
863 836 963 879 θεοῦ,
986 832 1049 872 καὶ
1067 834 1173 884 παρὰ
1192 837 1244 887 τῷ
1264 832 1494 874 Ἀπόλλωνι

165 900 208 939 ἐν
235 904 417 951 Δελφοῖς
443 899 661 941 κάλλιστος
687 900 750 939 καὶ
774 899 964 951 μέγιστος
989 900 1085 941 νεὼς
1111 899 1222 941 εὐθὺς
1248 901 1414 940 εἰσιόντι
1439 902 1494 941 εἰς

163 965 208 1005 τὸ
235 966 352 1017 ἱερόν,
373 965 416 1007 ὃς
442 965 495 1006 ὢν
521 966 609 1008 θεὸς
630 966 692 1006 καὶ
710 965 848 1016 μάντις
866 966 947 1006 οἶδε
972 966 1016 1006 τὸ
1039 965 1273 1017 βέλτιστον·
1311 966 1404 1006 ἀλλ’
1425 967 1492 1006 οὐκ

163 1033 352 1074 ἀπονοίας
387 1032 468 1072 οὐδ’
506 1034 716 1074 ἀναιδείας.
792 1033 854 1072 καὶ
890 1035 998 1083 δίκης
1033 1050 1079 1085 γε
1116 1033 1179 1073 καὶ
1216 1033 1396 1083 εὐνομίας
1430 1035 1492 1074 καὶ
1524 1046 1564 1081 35

164 1100 294 1141 αἰδοῦς
329 1101 407 1140 εἰσι
436 1103 560 1140 πᾶσιν
594 1100 815 1151 ἀνθρώποις
847 1101 991 1151 βωμοί,
1018 1101 1055 1140 οἱ
1087 1102 1159 1150 μὲν
1191 1099 1403 1140 κάλλιστοι
1429 1101 1491 1140 καὶ

106 1184 139 1215 ¹5
163 1166 375 1218 ἁγιώτατοι
401 1168 442 1206 ἐν
463 1167 558 1223 αὐτῇ
586 1167 632 1222 τῇ
658 1167 770 1222 ψυχῇ
797 1165 965 1207 ἑκάστου
991 1167 1052 1206 καὶ
1078 1172 1126 1223 τῇ
1151 1167 1286 1219 φύσει,
1305 1168 1341 1207 οἱ
1361 1169 1402 1207 δὲ
1429 1168 1492 1207 καὶ

163 1234 271 1289 κοινῇ
305 1237 387 1275 τοῖς
425 1236 524 1274 πᾶσι
561 1236 678 1284 τιμᾶν
715 1232 923 1285 ἱδρυμένοι·
983 1233 1075 1273 ἀλλ’
1107 1233 1175 1273 οὐκ
1208 1234 1492 1287 ἀναισχυντίας

161 1299 250 1340 οὐδὲ
282 1301 553 1352 συκοφαντίας
584 1299 664 1340 οὐδ’
694 1301 893 1352 ἐπιορκίας
923 1300 1003 1340 οὐδ’
1033 1301 1282 1353 ἀχαριστίας,
1315 1301 1339 1340 ἃ
1365 1300 1492 1341 πάντα

158 1367 282 1421 τούτῳ
308 1368 541 1419 πρόσεστιν.

228 1433 332 1474 Οἶδα
367 1435 499 1474 τοίνυν
535 1435 595 1474 ὅτι
630 1433 702 1483 τὴν
737 1436 810 1485 μὲν
846 1434 964 1485 ὀρθὴν
1002 1434 1064 1474 καὶ
1106 1435 1258 1475 δικαίαν
1294 1435 1383 1475 ὁδὸν
1421 1437 1490 1485 τῆς
1521 1440 1565 1482 36

101 1518 139 1540 20
159 1500 378 1553 ἀπολογίας
425 1500 538 1542 οὗτος
585 1499 785 1553 φεύξεται,
834 1501 980 1550 ἔξωθεν
1027 1503 1067 1541 δὲ
1118 1501 1246 1556 κύκλῳ
1294 1502 1489 1554 περίεισιν

157 1568 461 1619 λοιδορούμενος
501 1568 563 1608 καὶ
601 1567 836 1618 διαβάλλων
875 1569 937 1608 καὶ
972 1568 1292 1620 ὑπισχνούμενος
1329 1571 1486 1620 κρινεῖν,
1521 1567 1621 1622 [781]

158 1633 344 1685 εἰσάξειν,
372 1635 637 1686 παραδώσειν.
708 1635 820 1675 ἔστιν
844 1637 885 1674 δὲ
916 1633 1030 1674 πάντ’
1055 1635 1158 1688 αὐτῷ
1183 1638 1315 1680 ταῦτα,
1344 1634 1487 1686 ἐάνπερ

156 1701 266 1751 ὑμεῖς
298 1702 422 1753 ὀρθῶς
456 1703 645 1750 σκοπῆτε,
677 1701 855 1752 ἀδόκιμα.
927 1703 968 1742 τί
996 1702 1072 1753 γὰρ
1103 1701 1171 1741 οὐκ
1205 1700 1487 1754 ἐξελήλεγκται

156 1768 306 1808 τούτων
332 1768 396 1808 ἐπὶ
422 1767 580 1808 πάντων
601 1767 814 1814 πολλάκις,·
855 1767 917 1808 καὶ
942 1770 989 1807 τὰ
1012 1770 1085 1818 μὲν
1109 1767 1201 1808 ἀλλ’
1221 1767 1341 1808 ἐάσω·
1380 1768 1485 1814 ἀλλ’,
1518 1776 1560 1811 37

97 1850 134 1881 ²5
155 1833 465 1887 Ἀριστογεῖτον,
488 1836 587 1875 ἑπτὰ
607 1835 762 1886 γραφὰς
783 1834 960 1885 κέκρικάς
983 1852 1044 1885 με,
1066 1839 1148 1876 τοῖς
1166 1836 1264 1886 ὑπὲρ
1283 1835 1488 1875 Φιλίππου

155 1901 245 1941 τότε
266 1901 505 1953 πράττουσιν
526 1901 695 1941 σεαυτὸν
718 1902 941 1951 μισθώσας,
965 1901 1027 1941 καὶ
1053 1902 1214 1943 εὐθύνας
1233 1902 1409 1942 διδόντος
1429 1903 1487 1943 δὶς

156 1968 443 2019 κατηγόρησας·
483 1969 545 2008 καὶ
570 1966 832 2019 Ἀδράστειαν
857 1970 929 2019 μὲν
953 1967 1159 2019 ἄνθρωπος
1183 1967 1237 2008 ὢν
1263 1972 1484 2019 προσκυνῶ,

155 2035 217 2074 καὶ
243 2034 322 2087 ἔχω
347 2039 429 2076 τοῖς
455 2038 557 2076 θεοῖς
584 2035 645 2074 καὶ
671 2037 792 2075 πᾶσιν
817 2036 919 2085 ὑμῖν,
947 2033 976 2074 ὦ
1001 2035 1137 2087 ἄνδρες
1163 2034 1376 2085 Ἀθηναῖοι,
1403 2039 1485 2076 τοῖς

201 2153 212 2173 1
240 2143 337 2184 φύγοι
354 2143 384 2174 Α
399 2143 465 2173 FY
477 2143 508 2173 O
621 2144 732 2183 ἔχοντ’
751 2145 851 2182 αὐτὴν
869 2145 892 2174 S
906 2145 936 2174 A
949 2145 979 2175 Y
1135 2155 1168 2175 11
1197 2148 1242 2185 τῷ
1259 2149 1337 2175 ante
1356 2146 1389 2177 ἐν
1405 2146 1481 2175 add.

155 2186 253 2217 Blass
427 2197 466 2217 12
491 2187 562 2219 κατ’
581 2187 747 2229 ἀμφότερα
770 2193 848 2217 ante
873 2189 959 2221 οἶδεν
982 2189 1058 2219 add.
1079 2189 1168 2226 vulg.
1190 2188 1213 2218 S
1230 2199 1304 2229 ’γρ-ε
1330 2198 1394 2218 om.
1415 2188 1481 2219 SO

159 2231 196 2260 16
228 2230 333 2273 κοινῇ]
361 2230 445 2270 νόμῳ
470 2231 569 2262 κοινοὶ
594 2232 646 2262 καὶ
672 2230 695 2260 S
711 2244 762 2271 γρ.
785 2231 876 2272 Ρ-γρ.
1051 2242 1091 2262 22
1123 2233 1165 2264 τὰ
1188 2234 1322 2263 τοιαῦτα
1345 2232 1383 2269 δή
1409 2237 1483 2271 post

152 2275 353 2315 παραδώσειν
375 2274 451 2304 add.
470 2274 560 2312 vulg.
583 2273 606 2303 S
623 2287 674 2314 γρ.
693 2285 699 2303 :
723 2284 788 2304 om.
809 2274 832 2304 S
845 2275 875 2304 Α
889 2274 930 2305 Yl
1107 2286 1149 2314 23
1181 2278 1325 2313 σκοπῆτε
1351 2275 1458 2305 Cobet
1476 2286 1483 2305 z

152 2317 289 2355 ἀκούητε
308 2317 330 2347 S
349 2317 389 2348 al.
409 2328 415 2347 :
440 2318 601 2354 ἀκούσητε
620 2317 645 2347 F
658 2317 685 2347 Y
698 2317 729 2347 O
876 2321 918 2349 26
942 2321 992 2352 καὶ
1010 2330 1075 2350 om.
1097 2318 1135 2349 S1
1281 2329 1320 2356 27
1347 2325 1422 2358 post
1440 2320 1482 2349 ὢν

150 2361 225 2390 add.
248 2362 311 2401 ἐγὼ
329 2361 382 2390 A:
409 2361 513 2401 ἔγωγε
531 2361 620 2399 vulg.
641 2372 647 2390 ε
672 2371 738 2391 om.
759 2360 783 2391 S
801 2361 894 2392 solus
1072 2364 1114 2394 28
1137 2363 1267 2400 πολλὴν
1287 2363 1383 2403 χάριν
1405 2367 1481 2402 post

151 2404 222 2442 ὑμῖν
239 2404 269 2433 Α
282 2403 307 2433 F

1292 2461 1351 2489 19*
