1737 2734
114 134 227 190 [744]

162 385 230 419 140

160 850 220 884 141

159 1250 221 1284 142

109 1568 220 1623 [745]

155 1783 221 1819 143

683 137 1166 176 ΔΗΜΟΣΘΕΝΟΎΣ
1466 133 1580 187 [xxxv

259 241 300 278 ἐν
329 240 468 293 βρόχῳ
499 240 567 279 τὸν
591 239 790 292 τράχηλοι·
821 240 925 292 ἔχων
955 243 1170 290 νομοθετεῖ,
1198 240 1260 280 καὶ
1291 242 1359 281 ἐὰν
1387 243 1458 291 μὲν
1488 240 1582 296 δόξῃ

261 306 378 346 καλὸς
405 306 466 345 καὶ
492 304 686 358 χρήσιμος
707 305 806 346 εἶναι
827 307 847 345 ὁ
866 307 996 356 νόμος,
1021 307 1063 361 ζῇ
1085 307 1104 345 ὁ
1124 307 1243 348 τιθεὶς
1270 307 1331 346 καὶ
1355 306 1580 359 ἀπέρχεται,

261 373 293 412 εἰ
318 374 358 411 δὲ
383 371 449 421 μή,
471 372 657 421 τέθνηκεν
683 372 1001 414 ἐπισπασθέντος
1027 376 1094 412 τοῦ
1119 374 1284 426 βρόχου.
1346 373 1408 412 καὶ
1431 373 1506 425 γάρ
1522 390 1584 413 τοι

259 439 414 480 καινοὺς
442 441 514 487 μὲν
545 438 589 477 οὐ
619 442 800 489 τολμῶσι
831 439 1023 483 τίθεσθαι,
1055 442 1135 480 τοῖς
1167 442 1207 479 δὲ
1238 439 1361 478 πάλαι
1393 438 1583 489 κειμένοις

259 506 432 555 ἀκριβῶς
457 508 644 557 χρῶνται.
699 505 760 544 καὶ
787 506 829 544 ἐν
847 509 1014 546 πολλοῖς
1042 509 1082 545 δὲ
1103 505 1203 545 πάνυ
1229 506 1370 551 ἔτεσιν,
1392 504 1420 545 ὦ
1446 505 1584 557 ἄνδρες
1601 524 1619 556 5

257 572 451 616 δικασταί,
493 572 548 612 εἷς
585 571 745 622 λέγεται
785 571 874 623 παρ’
914 571 1045 613 αὐτοῖς
1085 573 1203 621 νόμος
1242 571 1374 613 καινὸς
1410 573 1582 621 τεθῆναι.

257 639 369 679 ὄντος
399 640 474 689 γὰρ
503 637 638 678 αὐτόθι
667 639 800 687 νόμου,
829 637 897 677 ἐάν
921 655 979 679 τις
1009 638 1219 689 ὀφθαλμὸν
1250 639 1416 694 ἐκκόψῃ,
1444 638 1580 678 ἀντεκ-

257 705 379 755 κόψαι
416 708 642 757 παρασχεῖν
674 705 743 744 τὸν
777 707 925 749 ἑαυτοῦ,
963 705 1024 744 καὶ
1062 704 1106 743 οὐ
1143 704 1354 756 χρημάτων
1386 703 1583 754 τιμήσεως

255 771 448 820 οὐδεμιᾶς,
484 771 705 820 ἀπειλῆσαί
734 788 792 812 τις
828 771 987 822 λέγεται
1020 772 1159 824 ἐχθρὸς
1197 773 1324 824 ἐχθρῷ
1362 770 1416 810 ἕν’
1449 770 1583 823 ἔχοντι

255 837 464 888 ὀφθαλμὸν
490 839 550 876 ὅτι
576 837 694 877 αὐτοῦ
718 839 881 889 ἐκκόψει
907 841 1046 877 τοῦτον
1070 837 1137 878 τὸν
1162 838 1242 878 ἕνα.
1303 836 1516 889 γενομένης
1540 840 1582 878 δὲ
1607 854 1643 876 10

255 904 397 953 ταύτης
427 906 495 953 τῆς
525 905 691 953 ἀπειλῆς
721 908 905 957 χαλεπῶς
936 906 1107 956 ἐνεγκὼν
1135 905 1155 943 ὁ
1180 905 1491 956 ἑτερόφθαλμος,
1521 905 1582 944 καὶ

253 971 468 1022 ἡγούμενος
506 971 681 1020 ἀβίωτον
719 973 820 1025 αὑτῷ
858 967 988 1023 [εἶναι]
1024 971 1092 1011 τὸν
1128 971 1221 1021 βίον
1253 973 1366 1010 τοῦτο
1403 971 1580 1016 παθόντι,

253 1036 414 1088 λέγεται
447 1040 647 1088 τολμῆσαι
680 1039 800 1088 νόμον
834 1039 1087 1090 εἰσενεγκεῖν,
1124 1038 1191 1077 ἐάν
1223 1054 1281 1079 τις
1315 1038 1383 1077 ἕνα
1420 1038 1582 1091 ἔχοντος

253 1104 465 1155 ὀφθαλμὸν
490 1104 657 1160 ἐκκόψῃ,
685 1105 804 1156 ἄμφω
831 1106 1073 1156 ἀντεκκόψαι
1096 1108 1331 1158 παρασχεῖν,
1352 1105 1416 1144 ἵνα
1441 1109 1488 1161 τῇ
1513 1106 1582 1160 ἴσῃ

254 1176 440 1225 συμφορᾷ
476 1172 696 1223 ἀμφότεροι
728 1175 914 1224 χρῶνται.
987 1172 1049 1211 καὶ
1078 1175 1216 1211 τοῦτον
1245 1172 1367 1222 μόνον
1395 1170 1582 1222 λέγονται
1606 1187 1641 1219 15

254 1238 397 1289 Λοκροὶ
417 1237 558 1277 θέσθαι
576 1237 646 1277 τὸν
665 1238 786 1288 νόμον
805 1240 847 1278 ἐν
868 1242 982 1278 πλεῖν
1002 1235 1024 1287 ἦ
1045 1239 1260 1279 διακοσίοις
1284 1238 1427 1278 ἔτεσιν.
1482 1239 1518 1277 οἱ
1541 1240 1582 1278 δὲ

254 1304 343 1352 παρ’
363 1305 454 1354 ἡμῖν
473 1304 646 1356 ῥήτορες,
669 1303 697 1344 ὦ
718 1305 853 1356 ἄνδρες
874 1306 1069 1351 δικασταί,
1091 1309 1246 1356 πρῶτον
1264 1306 1336 1355 μὲν
1355 1305 1445 1344 ὅσοι
1463 1306 1582 1355 μῆνες

252 1375 389 1422 μικροῦ
413 1371 549 1411 δέουσι
574 1374 800 1421 νομοθετεῖν
821 1374 868 1411 τῖι
889 1373 1020 1413 αὑτοῖς
1041 1371 1310 1422 συμφέροντα,
1333 1371 1452 1411 ἔπειτ’
1472 1370 1582 1411 αὐτοὶ

252 1441 322 1487 μὲν
343 1438 432 1479 τοὺς
459 1439 614 1479 ἰδιώτας
641 1439 695 1479 εἰς
714 1438 758 1477 τὸ
783 1438 1054 1490 δεσμωτήριον
1079 1439 1246 1490 ἄγουσιν
1265 1439 1360 1478 ὅταν
1385 1438 1578 1491 ἄρχωσιν,

253 1504 318 1556 ἐφ’
348 1507 501 1546 ἑαυτοῖς
535 1505 567 1544 δ’
597 1505 665 1544 οὐκ
698 1507 846 1544 οἴονται
880 1507 960 1545 δεῖν
993 1505 1112 1545 ταύτὸ
1144 1506 1294 1545 δίκαιον
1329 1504 1433 1544 τοῦτ’
1467 1504 1579 1545 εἶναι·
1604 1521 1641 1541 20

253 1571 387 1611 ἔπειτα
413 1572 503 1612 τοὺς
531 1574 602 1621 μὲν
629 1575 696 1611 τοῦ
728 1572 912 1614 Σόλωνος
941 1573 1082 1621 νόμους
1107 1572 1195 1613 τοὺς
1225 1575 1348 1611 πάλαι
1377 1574 1578 1621 δεδοκιμα-

253 1637 434 1687 σμένους,
473 1639 539 1680 οὓς
578 1640 614 1678 οἱ
652 1639 840 1690 πρόγονοι
880 1640 1026 1684 ἔθεντο,
1066 1639 1232 1678 λύουσιν
1268 1638 1390 1683 αὐτοί,
1428 1641 1510 1680 τοῖς
1549 1638 1580 1677 δ’

252 1706 413 1753 ἑαυτῶν,
442 1705 507 1746 οὓς
538 1705 598 1745 ἐπ’
625 1707 753 1758 ἀδικίᾳ
783 1708 852 1754 τῆς
882 1706 1035 1746 πόλεως
1064 1705 1254 1750 τιθέασιν,
1282 1707 1455 1757 χρῆσθαι
1483 1706 1581 1755 ὑμᾶς

252 1773 400 1811 οἴονται
448 1775 541 1812 δεῖν.
613 1773 646 1812 εἰ
689 1772 756 1811 οὖν
797 1772 847 1822 μὴ
892 1771 1167 1823 τιμωρήσεσθε
1208 1772 1380 1817 τούτους,
1424 1772 1492 1812 οὐκ
1533 1770 1580 1811 ἂν

252 1838 397 1889 φθάνοι
434 1839 478 1878 τὸ
514 1840 666 1888 πλῆθος
701 1840 855 1880 τούτοις
892 1842 973 1879 τοῖς
1011 1841 1158 1890 θηρίοις
1195 1841 1395 1878 δουλεῦον.
1466 1838 1507 1878 εὖ
1547 1838 1579 1877 δ’
1603 1855 1639 1885 25

250 1905 341 1949 ἴστ’,
382 1904 410 1944 ὦ
450 1905 586 1957 ἄνδρες
629 1907 824 1951 δικασταί,
867 1907 927 1944 ὅτι
969 1907 1037 1945 ἐὰν
1074 1908 1147 1956 μὲν
1187 1905 1329 1956 σφόδρ’
1355 1905 1577 1957 ὀργίζησθε,

249 1971 367 2021 ἧττον
415 1973 723 2023 ἀσελγανοῦσιν,
765 1972 813 2011 ἶιν
856 1975 895 2011 δὲ
937 1971 1002 2021 μή,
1047 1972 1222 2012 πολλοὺς
1263 1973 1352 2013 τοὺς
1393 1972 1579 2022 ἀσελγεῖς

250 2037 435 2089 εὑρήσετε
463 2039 525 2078 καὶ
545 2039 635 2081 τοὺς
660 2039 895 2090 ὑβρίζοντας
921 2040 1018 2089 ὑμᾶς
1045 2039 1108 2078 ἐπὶ
1127 2045 1173 2095 τῇ
1194 2042 1260 2078 τοῦ
1279 2040 1578 2089 φιλοτιμεῖσθαι

249 2105 463 2156 προφάσει.

292 2226 310 2252 4
335 2215 454 2247 τιθέναι
469 2215 498 2244 Α
512 2215 577 2245 FY
591 2216 632 2246 O.
646 2216 685 2246 cs.
702 2226 745 2245 xx
763 2226 801 2254 91
896 2214 1007 2254 νόμους
1027 2220 1102 2254 post
1119 2215 1262 2246 τίθεσθαι
1280 2214 1355 2244 add.
1369 2213 1458 2252 vulg.
1478 2226 1484 2244 :
1510 2223 1574 2243 0111,

249 2258 315 2288 SA
450 2269 469 2296 5
495 2260 545 2290 καὶ
563 2270 627 2289 om.
649 2260 758 2296 vulg:
784 2259 858 2289 add.
875 2258 898 2288 S
916 2258 1008 2288 solus
1150 2268 1186 2287 12
1212 2259 1295 2297 αὑτῷ
1314 2257 1469 2287 Bekker:
1495 2259 1578 2297 αὐτῷ

249 2303 346 2332 codd.
434 2303 512 2334 εἶναι
533 2308 607 2340 post
627 2305 710 2342 αὐτῷ
729 2303 751 2331 S
770 2314 775 2331 :
801 2307 880 2332 ante
898 2304 981 2342 αὐτῷ
999 2300 1052 2330 vel
1070 2306 1146 2340 post
1164 2302 1236 2337 βίον
1254 2306 1331 2330 cett.
1350 2312 1356 2330 ε
1382 2301 1460 2330 secl.
1480 2300 1576 2329 Blass

253 2347 290 2375 16
313 2348 408 2377 πλεῖν
428 2345 595 2418 Βίηάὅῖΐε
626 2345 726 2377 πλέον
752 2346 775 2376 S
800 2345 914 2376 Solus:
951 2345 1100 2376 πλείοσιν
1124 2345 1152 2374 Α
1168 2344 1228 2374 FS
1252 2355 1326 2384 7p.:
1356 2344 1479 2375 πλείοις
1503 2343 1575 2372 YO

249 2398 286 2418 21
315 2392 372 2420 τοῦ
388 2399 451 2419 om.
472 2389 501 2418 Y
