1737 2734
125 547 142 577 5

109 931 146 952 10

110 1200 145 1231 15

109 1473 148 1495 20

110 1848 146 1879 25

165 153 280 207 xxlv]
504 158 664 196 ΚΑΤΑ
712 157 1164 196 ΤΙΜΟΚΡΑΤΟΎΣ

228 261 303 303 “Ως
340 263 414 311 μὲν
455 261 522 302 οὖν
566 261 707 314 ἔνοχος
750 262 795 317 τῇ
839 262 973 317 γραφῇ
1023 260 1279 310 καθέστηκεν,
1321 260 1502 300 ἐναντίον

164 329 430 381 εἰσενηνοχὼς
455 332 536 370 τοῖς
561 328 652 368 οὖσι
678 328 828 378 νόμοις,
851 328 958 379 οἶμαι
988 327 1137 369 πάντας
1163 328 1262 377 ὑμᾶς
1287 326 1500 382 ιἠσθῆσθαι·

163 396 226 434 ἵνα
264 393 296 435 δ’
335 396 462 444 εἰδῆτε
505 394 595 446 παρ’
635 396 740 436 οἵους
783 395 926 445 νόμους
971 395 1055 434 οἷον
1097 394 1210 435 οὗτος
1253 391 1499 445 εἰσήνεγκεν,

162 461 438 513 ἀναγνώσεται
485 465 639 513 πρῶτον
680 461 769 512 ὑμῖν
813 461 883 501 τὸν
925 461 1066 501 τούτου
1108 461 1241 510 νόμον,
1286 459 1369 500 εἶτα
1411 459 1502 502 τοὺς

162 528 322 574 ἄλλους,
351 529 409 569 οἷς
434 528 546 570 οὗτος
573 529 751 569 ἐναντίος
777 529 901 568 ἐστίν.
978 528 1265 580 ἀναγίγνωσκε.

752 676 907 704 ΝΟΜΟΣ.

217 749 302 788 Ἐπὶ
323 753 387 799 τῆς
409 750 647 790 Πανδιονίδος
668 750 824 799 πρώτης,
848 749 1031 800 δωδεκάτῃ
1054 751 1118 797 τῆς
1139 749 1366 798 πρυτανείας,
1387 751 1499 797 Τιμο-

164 806 298 854 κράτης
319 804 429 848 εἶπεν,
451 804 511 841 καὶ
535 805 568 842 εἴ
592 821 661 842 τινι
688 807 758 842 τῶν
784 804 1011 852 ὀφειλόντων
1040 806 1089 854 τῷ
1114 803 1282 854 δημοσίῳ
1305 802 1499 852 προστετί-

162 876 276 909 μηται
290 860 382 896 κατὰ
395 860 508 908 νόμον
522 876 545 907 η
559 861 651 896 κατὰ
663 859 846 908 ψήφισμα
860 857 1032 907 δεσμοῦ
1013 876 1036 906 η
1048 859 1090 895 τὸ
1103 858 1235 895 λοιπὸι
1248 856 1498 907 προστιμηθῇ,

165 913 254 951 εἶναι
275 915 371 963 αὐτῷ
390 911 413 961 ἢ
434 914 575 950 α”λλωε
559 915 650 961 υπὲρ
671 913 808 950 ἐκεινου
833 914 1013 963 ἐγγυητὰς
1036 914 1271 960 καταστῆσαι
1292 913 1356 948 τοῦ
1377 911 1499 959 ὀφλη-

163 984 290 1016 ματος
312 967 373 1007 οἷς
397 966 440 1004 ἂν
461 969 480 1004 ὁ
501 967 615 1016 δῆμος
635 983 894 1017 χειροτονηση,
916 966 939 1015 ἦ
966 983 1040 1015 μην
1067 967 1243 1003 ἐκτείσειι
1266 966 1308 1002 τὸ
1328 966 1500 1031 ἀργυριον

164 1022 184 1059 ὃ
204 1022 341 1070 ὦφλεν.
399 1022 482 1061 τοὺς
509 1021 546 1059 δὲ
572 1021 770 1070 προέδρους
793 1023 1075 1071 ἐπιχειροτονεῖν
1104 1021 1316 1088 ἐπάναγκες,
1339 1020 1427 1057 ὅταν
1446 1035 1500 1059 τις

166 1076 384 1113 καθιστάναι
409 1077 715 1126 βούληται.τῶ
743 1075 781 1113 δὲ
808 1091 1051 1123 καταστησαι
1053 1091 1088 1111 τι
1115 1075 1198 1114 τοὺς
1222 1075 1415 1125 ἐγγυητάς,
1437 1075 1501 1111 ἐὰν

166 1130 325 1181 ἀποδιδῷ
350 1131 397 1180 τῇ
421 1129 529 1167 πόλει
555 1131 598 1167 τὸ
628 1131 799 1181 ἀργύριον
828 1128 888 1177 ἐφ
916 1148 943 1166 ω
971 1129 1179 1177 κατέστησε
1206 1144 1289 1167 τους
1308 1129 1501 1195 ἐγγυητάς,

166 1184 345 1253 ἀφεῖσθαι
377 1187 443 1221 τοῦ
475 1184 627 1233 δεσμου.
701 1186 763 1221 ἐὰν
797 1183 835 1221 δὲ
871 1201 923 1233 μη
960 1183 1159 1233 καταβάλη
1190 1183 1233 1220 τὸ
1272 1184 1446 1234 ἀργιριον
1478 1181 1501 1230 ὴ

166 1239 275 1279 αὐτὸς
293 1237 317 1287 ἢ
338 1240 371 1276 οἱ
392 1239 569 1290 ἐγγυηταὶ
591 1239 649 1276 ἐπὶ
671 1255 735 1286 της
757 1239 885 1286 ἐνάτης
908 1255 1049 1286 πρυταν
1053 1254 1137 1281 ειας,
1158 1238 1222 1275 τὸν
1242 1239 1310 1286 μὲν
1330 1237 1501 1287 ἐξεγγυη-

168 1293 276 1332 θέντα
305 1292 487 1337 δεδέσθαι,
519 1296 589 1330 τῶν
621 1293 658 1331 δὲ
692 1295 878 1344 ἐγγυητῶν
916 1292 1101 1341 δημοσιαν
1137 1308 1225 1329 ειναι
1258 1291 1325 1339 τὴν
1359 1307 1500 1328 ουσιαν.

167 1348 249 1397 περὶ
270 1347 309 1385 δὲ
328 1350 398 1384 τῶν
419 1348 630 1396 ὠνουμένων
646 1348 692 1384 τὰ
713 1347 804 1395 τέλη
821 1347 880 1384 καὶ
903 1349 972 1383 τῶν
995 1346 1232 1398 ἐγγυωμενων
1253 1346 1312 1382 καὶ
1333 1345 1502 1397 ἐκλεγόι-

166 1419 264 1480 τωνῖξ
272 1402 331 1439 καὶ
361 1404 431 1439 τῶν
461 1403 506 1438 τὰ
534 1401 754 1451 μισθώσιμα
783 1401 991 1451 μισθουμει
994 1418 1041 1437 ων
1073 1401 1132 1437 καὶ
1161 1400 1411 1451 ἐγγυωμένων,
1437 1400 1502 1438 τὰς

166 1457 315 1505 πράξεις
344 1473 433 1493 ειναι
461 1458 508 1505 τῇ
536 1456 645 1493 πόλει
676 1457 768 1493 κατὰ
797 1472 881 1495 τους
912 1455 1044 1504 νόμους
1075 1455 1158 1494 τοίς
1186 1454 1381 1503 κειμένους.
1440 1455 1503 1491 ἐὰν

167 1510 197 1548 δ’
231 1511 291 1548 ἐπὶ
327 1513 393 1559 τῆς
427 1511 554 1559 ἐνάτης
590 1509 613 1559 ἦ
648 1509 801 1558 δεκάτης
834 1510 1052 1558 πρυτανείας
1091 1509 1206 1559 ὄφλη.
1242 1525 1307 1546 του
1344 1508 1502 1557 υστέρου

168 1567 331 1603 ἐνιαυτοῦ
362 1565 422 1602 ἐπὶ
451 1567 516 1613 τῆς
545 1565 673 1613 ἐνατης
701 1581 918 1613 πρυταιειας
941 1564 1100 1602 ἐκτίνειν.

235 1699 449 1750 Ἀκηκόατε
483 1700 557 1747 μὲν
587 1702 655 1738 τοῦ
685 1699 818 1748 νόμου,
856 1698 1118 1748 μνημονεύετε
1153 1697 1185 1737 δ’
1212 1695 1258 1746 ἐξ
1286 1696 1403 1736 αὐτοῦ
1435 1714 1501 1746 μοι

169 1770 324 1819 πρῶτον
354 1769 427 1817 μὲν
456 1766 500 1805 τὸ
528 1768 537 1782 ‘
555 1766 618 1805 καὶ
645 1767 682 1805 εἴ
707 1782 784 1805 τινι
813 1769 889 1804 τῶν
915 1765 1162 1817 ὀφειλόντων
1195 1766 1343 1814 δεσμοῦ
1375 1780 1498 1815 προσ-

168 1835 369 1884 τετίμηται
402 1829 425 1882 ἢ
458 1832 504 1872 τὸ
536 1831 678 1872 λοιπὸν
712 1831 992 1888 προστιμηθῇ,’
1024 1830 1147 1871 ἔπειθ’
1179 1832 1239 1870 ὅτι
1272 1829 1376 1879 πλὴν
1413 1831 1501 1881 περὶ

167 1903 246 1940 τῶν
281 1903 463 1940 τελωνῶν
499 1900 562 1938 καὶ
598 1899 686 1949 περὶ
723 1902 800 1938 τῶν
835 1898 1123 1949 μισθουμένων,
1165 1898 1227 1937 καὶ
1265 1897 1356 1936 ὅσοι
1394 1895 1500 1936 ταῦτ’

169 1968 399 2017 ἐγγυῶνται,
427 1968 601 2018 χρῆσθαι
628 1965 778 2005 κελεύει
804 1969 856 2018 τῷ
883 1966 1001 2018 νόμῳ.
1074 1965 1168 2005 ὅλος
1192 1966 1265 2014 μὲν
1290 1962 1364 2014 γάρ
1389 1964 1500 2002 ἐστιν

213 2087 231 2107 2
256 2075 378 2125 flahtom]
397 2075 493 2113 νόμον
512 2075 537 2104 F
554 2086 638 2105 corr.
660 2075 682 2105 S
700 2088 750 2114 γρ.
897 2084 916 2113 3
942 2073 1054 2113 νόμους
1072 2084 1136 2104 om.
1156 2073 1184 2103 Α
1332 2082 1348 2110 7
1372 2071 1499 2112 πρώτης

169 2130 232 2150 om.
255 2120 278 2150 S
294 2119 339 2149 F:
364 2119 396 2149 1'n
415 2129 516 2156 marg.
539 2119 617 2149 add.
636 2118 720 2155 YO,
740 2118 799 2148 sed
818 2117 857 2148 cf.
881 2121 895 2154 ξ
916 2127 956 2155 27
1081 2128 1118 2147 10
1143 2116 1347 2156 ὀφλήματος]
1367 2113 1499 2154 ὀφειλή-

167 2176 266 2202 ματος
285 2163 308 2193 S
327 2163 433 2192 Paris.
453 2163 547 2201 2936
568 2162 609 2192 cf.
629 2161 686 2191 xlii
705 2161 746 2190 28
870 2171 907 2198 14
933 2159 972 2201 ᾧ]
993 2159 1038 2192 οἷς
1055 2160 1078 2190 S
1093 2160 1117 2190 F
1245 2169 1281 2197 15
1306 2161 1364 2189 τοῖ
1381 2159 1500 2196 δεσμοῦ

167 2206 298 2245 scripsi,
321 2206 362 2236 cs
381 2206 495 2235 Liban.
515 2215 585 2243 arg.
608 2208 622 2241 ξ
646 2215 671 2239 1
691 2204 776 2234 infra
800 2207 835 2240 ἐξ
862 2205 914 2242 86,
938 2213 999 2243 93:
1032 2206 1090 2235 τὸν
1114 2202 1234 2242 δεσμόν
1260 2201 1339 2233 ΞῙΥ
1353 2201 1402 2231 O:
1434 2204 1500 2232 τῶν

168 2252 294 2288 δεσμῶν
312 2249 336 2279 S
354 2259 438 2279 corr.
457 2258 504 2287 pr
525 2258 566 2279 m.
586 2248 673 2286 vulg.
823 2257 860 2285 19
884 2251 950 2279 τῶν
965 2252 1045 2277 ante
1063 2245 1275 2287 ἐγγυωμενων
1291 2245 1366 2275 add.
1384 2244 1499 2282 xulg

167 2303 232 2323 om.
248 2292 313 2323 SA
326 2293 356 2322 Y
368 2292 399 2322 O
508 2301 547 2321 21
574 2292 593 2329 ἢ
611 2290 747 2328 δεκάτης
765 2296 840 2329 post
856 2291 1000 2321 alterum
1020 2291 1069 2321 ἐπὶ
1087 2292 1145 2327 τῆς
1164 2289 1277 2326 ἐνάτης
1294 2288 1363 2324 (22)
1379 2287 1498 2318 codd.:

167 2336 375 2375 transposuit
394 2335 491 2365 Blass
508 2339 645 2365 secutus
665 2334 856 2363 Dobraeum
970 2342 1010 2371 25
1035 2334 1054 2370 ἢ
1072 2333 1193 2363 codd..
1219 2334 1278 2364 κᾶν
1295 2331 1402 2362 Cobet
1420 2330 1495 2360 coll.

170 2383 183 2414 ξ
202 2389 276 2417 207,
295 2379 356 2409 sed
374 2378 414 2408 cf.
437 2381 473 2414 ἐξ
492 2388 543 2416 41,
561 2387 612 2416 72,
629 2387 681 2416 79,
697 2387 739 2416 93
829 2378 871 2407 26
895 2378 964 2416 περὶ
982 2386 1045 2407 om.
1059 2376 1101 2415 A,
1116 2376 1156 2406 cf.
1174 2378 1188 2413 ξ
1208 2385 1250 2414 59
1339 2384 1378 2412 27
1405 2373 1495 2414 ὅλος]

166 2422 248 2455 ὅλως
267 2422 300 2459 F,
319 2422 361 2453 cf.
382 2425 396 2459 §
418 2431 459 2460 70
548 2420 608 2460 μὲν
623 2420 685 2462 ’γάρ
702 2430 766 2450 om.
787 2419 824 2451 Sl

1536 156 1638 209 [712]

1533 275 1577 310 39

1531 1091 1577 1123 40

1534 1238 1636 1292 [713]

1532 1711 1571 1743 41
