1737 2734
81 126 189 181 [63¹]

646 129 1129 168 ΔΗΜΟΣΘΕΝΟΎΣ
1423 126 1547 182 [xxm

223 232 366 272 ἄλλοθι
396 232 502 282 πλὴν
531 232 684 272 ἐνταῦθ’
710 232 888 284 ἄντικρυς
919 235 1084 284 εἴρηκεν.
1156 235 1176 274 ὁ
1206 237 1247 275 δὲ
1277 234 1322 275 τὸ
1352 235 1547 287 ψήφισμα

222 298 400 350 γράφων,
442 302 595 338 πολλοῦ
634 316 679 351 γε
717 302 786 348 δεῖ,
828 300 1023 351 διώρισεν,
1064 302 1106 342 ὅς
1145 318 1191 352 γε
1228 301 1356 341 πάντα
1394 303 1546 344 τούτοις

222 364 402 405 τάναντί’
436 367 602 416 εἴρηκεν·
651 365 812 417 γράψας
848 367 923 418 γὰρ
957 366 1051 407 (ἐάν
1085 384 1143 409 τις
1175 369 1387 423 ἀποκτείνῃ
1421 370 1541 420 Χαρί-

363 431 372 444 5

176 445 188 451 ·
223 435 357 481 δημον,
399 433 409 448 ‘
427 431 627 482 ἀγώγιμος
653 433 757 472 ἔστω
774 432 782 445 ’
809 433 937 484 φησὶν
964 436 972 450 ‘
991 433 1267 486 πανταχόθεν.’
1330 436 1371 474 τί
1391 434 1543 486 λέγεις;

222 501 299 537 τῶν
324 498 454 547 νόμων
480 498 566 538 οὐδὲ
593 499 683 540 τοὺς
710 500 933 540 ἑαλωκότας
963 501 1150 540 διδόντων
1180 500 1347 552 ἀπάγειν
1373 500 1477 550 πλὴν
1503 503 1546 541 ἐν

221 565 268 619 τῇ
293 564 485 619 ἡμεδαπῇ,
509 565 558 603 σὺ
583 565 751 616 γράφεις
777 565 868 606 ἄνευ
893 566 1058 618 κρίσεώς
1084 566 1156 606 τιν’
1181 567 1383 618 ἀγώγιμον
1411 568 1451 607 ἐκ
1476 569 1545 617 τῆς

222 632 468 683 συμμαχίδος
489 630 639 680 πάσης,·
674 632 736 671 καὶ
752 632 831 671 οὐδ’
849 633 890 672 ἐν
910 639 956 689 τῇ
976 633 1154 689 ἡμεδαπῇ
1173 633 1284 684 ἄγειν
1305 634 1546 674 κελευόντων

221 701 297 736 τῶν
323 698 465 747 νόμων,
493 698 542 737 σὺ
568 699 682 739 δίδως
713 698 824 749 ἄγειν
850 700 1118 751 πανταχόθεν,·
1158 700 1220 739 καὶ
1248 699 1325 749 μὴν
1350 701 1392 740 ἕν
1422 717 1467 752 γε
1492 705 1545 754 τῷ

223 767 349 803 ποιεῖν
393 764 594 815 ἀγώγιμοι·
638 764 753 804 πάνθ’
792 765 855 804 ὅσ’
893 767 1103 816 ἀπείρηκεν
1142 767 1161 804 ὁ
1202 766 1318 816 νόμος
1359 765 1543 811 δέδωκας,

220 828 404 882 χρήματα
445 830 685 882 πράξασθαι,
726 832 850 880 ζῶντα
887 833 1162 882 λυμαίνεσθαι,
1205 837 1344 872 κακοῦν
1387 833 1543 886 ἔχοντα,

221 896 338 936 αὐτὸν
377 897 667 937 ἀποκτιννύναι.
742 902 822 939 πῶς
860 898 928 938 οὖν
966 898 1012 938 ἄν
1048 916 1106 940 τις
1141 901 1298 949 μᾶλλον
1334 901 1545 952 ἐλεγχθείη

221 962 415 1014 παράνομ’
442 965 602 1015 εἰρηκὼς
630 962 649 1013 ἶ]
676 968 757 1005 πῶς
781 965 966 1016 δεινότερ’
992 964 1040 1005 ἂν
1066 965 1233 1017 γράφων
1260 963 1281 1014 ἢ
1309 969 1446 1006 τοῦτον
1476 965 1544 1006 τὸν

220 1029 384 1080 τρόπον,·
424 1030 464 1071 ὃς
498 1033 605 1070 δυοῖν
635 1031 899 1081 ὑποκειμένων
929 1031 1145 1081 ὀνομάτων,
1175 1033 1271 1071 κατα
1303 1035 1374 1081 μὲν
1400 1036 1476 1072 τῶν
1503 1034 1544 1072 ἐν

221 1097 336 1149 αἰτίᾳ,
366 1096 459 1136 ίἐάν
493 1113 551 1138 τις
584 1097 823 1153 ἕιποκτείι’ῃ,’
855 1100 952 1137 κατὰ
985 1101 1026 1138 δὲ
1059 1102 1137 1138 τῶν
1170 1099 1416 1143 ἑαλωκότων,
1450 1098 1545 1139 (ἐάν

220 1180 277 1204 τις
302 1163 546 1215 ἀνδροφόνος
575 1163 620 1220 ᾗ,’
648 1166 689 1204 ἐν
718 1166 790 1214 μὲν
814 1165 859 1219 τῇ
886 1166 1132 1218 προσηγορίᾳ
1157 1165 1202 1204 τὸ
1230 1168 1299 1204 τοῦ
1322 1165 1393 1214 τὴν
1418 1166 1545 1205 αἰτίαν

220 1229 383 1282 ἔχοντος
413 1231 559 1279 ἔλαβες
589 1233 723 1280 ὄνομα,
750 1230 820 1280 τὴν
851 1233 891 1271 δὲ
917 1233 1118 1283 τιμωρίαν,
1145 1230 1192 1280 ἣν
1223 1230 1309 1271 οὐδὲ
1343 1233 1438 1271 κατὰ
1466 1235 1545 1271 τῶν

221 1295 544 1348 ἐξεληλεγμένων
570 1298 750 1337 διδόασιν
776 1299 811 1337 οἱ
837 1295 961 1347 νόμοι,
983 1299 1126 1347 ταύτην
1152 1300 1248 1337 κατὰ
1273 1301 1350 1338 τῶν
1377 1299 1545 1349 ἀκρίτων

220 1363 412 1414 ἔγραψας,
442 1364 503 1403 καὶ
532 1363 576 1403 τὸ
608 1364 732 1413 μέσοι·
761 1364 909 1403 τούτων
941 1363 1102 1414 ἐξεῖλες.
1173 1364 1298 1412 μέσον
1330 1364 1404 1416 γάρ
1434 1365 1544 1404 ἐστιν

220 1430 345 1471 αἰτίας
372 1430 433 1469 καὶ
460 1430 629 1483 ἐλέγχου
657 1432 794 1482 κρίσις,
823 1430 870 1480 ἣν
895 1431 1064 1481 οὐδαμοῦ
1093 1430 1264 1483 γέγραφ’
1289 1431 1400 1472 οὗτος
1424 1432 1466 1471 ἐν
1491 1434 1543 1485 τῷ

218 1498 466 1547 ψηφίσματι.

286 1563 388 1614 Λέγε
412 1563 501 1605 τοὺς
526 1562 673 1615 ἐφεξῆς
698 1561 851 1615 νόμους.

801 1691 958 1719 ΝΟΜΟΣ.

270 1757 358 1794 Ἐὰν
387 1757 426 1795 δέ
454 1775 507 1797 τις
536 1760 600 1795 τὸν
624 1758 852 1806 ἀνδροφόνον
879 1758 998 1808 κτείνῃ
1026 1757 1048 1806 ἦ
1075 1758 1188 1797 αἴτιος
1210 1757 1235 1808 ᾖ
1263 1757 1390 1805 φόνου,
1413 1759 1543 1808 ἀπεχό-

215 1828 325 1858 μενον
363 1813 499 1862 ἀγορᾶς
538 1813 688 1860 ἐφορίας
724 1813 783 1849 καὶ
818 1812 941 1849 ἄθλων
981 1813 1039 1848 καὶ
1080 1814 1181 1860 ἱερῶν
1215 1811 1542 1860 Ἀμφικτυονικῶν,

216 1866 342 1914 ὥσπερ
370 1867 434 1903 τὸν
463 1866 659 1915 Ἀθηναῖον
689 1867 888 1908 κτείιιάντα,
917 1869 954 1903 ἐν
982 1867 1057 1906 τοῖς
1086 1868 1208 1905 αὐτοῖς
1238 1866 1440 1916 ἐνέχεσθαι,
1469 1865 1543 1904 δια-

215 1921 433 1970 γιγνώσκειν
454 1920 491 1958 δὲ
511 1921 594 1960 τοὺς
616 1921 758 1967 ἐφέτας.

281 2031 450 2070 Toum-z
475 2032 536 2070 δεῖ
556 2033 696 2080 μαθεῖν
724 2032 835 2080 ὑμᾶς,
863 2028 891 2069 ὦ
918 2029 1055 2081 ἄνδρες
1082 2029 1297 2080 Ἀθηναῖοι,
1325 2030 1392 2069 τὸν
1422 2030 1541 2079 νόμον

245 2097 255 2109 Ι
363 2095 372 2109 )
414 2098 423 2109 5
445 2101 449 2102 ν
494 2097 504 2109 f
581 2096 589 2109 θ
633 2097 641 2110 t
729 2098 738 2108 t
821 2098 834 2108 ν
1029 2098 1039 2108 x
1117 2097 1124 2108 τ
1195 2096 1209 2108 ›ae
1319 2096 1327 2109 t
1387 2095 1396 2109 ἱ
1498 2099 1514 2108 Α

215 2113 252 2136 τι
287 2114 361 2136 ποτ
407 2099 577 2146 ερουλεθ
624 2114 644 2136 0
677 2099 768 2138 θεις·
810 2099 964 2148 οψεσθε
999 2113 1072 2147 γαρ
1107 2114 1156 2138 ως
1189 2113 1317 2136 απαντ
1359 2099 1541 2146 ευλαβως

259 2217 278 2236 2
302 2208 352 2237 καὶ
370 2212 448 2236 ante
466 2209 516 2238 δεΐ
530 2207 604 2235 add.
626 2206 679 2237 A:
703 2217 766 2236 om.
789 2206 812 2236 S
830 2206 918 2244 vulg.
931 2206 1062 2236 Anecd.
1078 2206 1182 2237 Bekk.
1199 2217 1228 2245 p.
1248 2207 1314 2244 138.
1334 2216 1369 2245 15
1395 2207 1435 2236 cf.
1454 2205 1535 2236 Plat.

214 2249 317 2288 Gorg.
337 2259 397 2287 517
412 2250 442 2279 A
589 2262 605 2286 4
632 2250 837 2289 πανταχόθεν
854 2249 932 2279 secl.
955 2248 1046 2279 Weil
1192 2251 1211 2279 8
1237 2250 1443 2289 πανταχόθεν
1461 2255 1538 2288 post

215 2294 306 2333 ἄγειν
330 2292 378 2322 A:
419 2298 498 2322 ante
523 2294 614 2333 ἄγειν
638 2294 678 2323 al.
699 2304 704 2322 :
743 2303 808 2324 om.
837 2292 983 2322 SFYO
1144 2303 1181 2323 10
1220 2298 1296 2331 post
1322 2293 1442 2332 ἔχοντα
1469 2293 1536 2322 dis-

214 2337 314 2366 tinxit
333 2336 429 2366 Blass
447 2348 452 2366 :
478 2342 551 2375 post
569 2339 686 2367 κακοῦν
703 2337 778 2366 edd.
800 2336 951 2375 plerique
1056 2345 1092 2374 13
1118 2339 1202 2368 δυεῖν
1222 2336 1286 2366 FY
1299 2336 1328 2366 O
1414 2338 1537 2368 ὑποκει-

213 2379 316 2417 μένων
333 2379 498 2418 ὀνομάτων
516 2380 539 2409 S
552 2380 581 2409 A
595 2379 624 2409 Y
637 2379 667 2409 O
685 2390 692 2409 2
717 2380 934 2417 ὑποκειμένοιν
951 2379 1122 2417 ὀνομάτων
1138 2380 1178 2409 al.
1283 2382 1316 2410 ἐν
1334 2380 1419 2421 αἰτίᾳ
1437 2379 1538 2411 ὄντων

214 2422 243 2451 Α
333 2432 373 2461 23
399 2423 432 2454 δὲ
449 2433 512 2453 om.
533 2423 556 2453 S
571 2423 640 2453 ΥΟ
741 2432 781 2460 25
807 2425 839 2454 ἐν
856 2422 936 2453 secl.
957 2423 1171 2453 Herwerden
1270 2424 1310 2453 28
1335 2422 1488 2459 βούλεται
1508 2422 1537 2452 Α

1567 519 1583 549 5

1569 847 1606 869 ῙΟ

1570 1179 1603 1210 ¹5

1568 1510 1606 1530 20

1567 1879 1601 1899 2:

1586 1902 1595 1909 ι
