1737 2734
156 137 277 191 xxm]
471 139 601 179 KAT’
644 141 1158 179 ΑΡΙΣΤΟΚΡΑΤΟΎΣ
1515 140 1628 194 [661]

157 247 246 286 Δία.
319 246 381 285 καὶ
411 247 451 286 τί
473 244 672 297 φήσομεν,
700 243 729 285 ὦ
762 245 899 297 ἄνδρες
929 244 1145 295 Ἀθηναῖοι,
1174 246 1309 291 καλόν,
1338 246 1372 285 εἰ
1404 248 1483 285 τῶν

153 311 363 362 Ἑλλήνων
398 312 460 353 ἐπ’
494 314 697 366 ἐλευθερίᾳ
734 311 977 364 προεστάναι
1009 311 1236 364 φάσκοντες
1277 311 1368 353 τοὺς
1405 312 1483 365 ἰδίᾳ

154 379 334 430 δυνάμεις
354 379 418 419 ἐπὶ
437 382 518 420 τοῖς
534 378 709 429 πλήθεσι
730 378 986 429 κεκτημένους
1006 382 1315 430 δορυφοροῦντες
1332 379 1479 430 φανού-

152 449 272 496 μεθα,·
309 448 343 487 εἰ
368 446 443 498 γάρ
463 447 552 486 ἐστί
574 463 627 500 τῳ
654 445 790 486 δοτέον
810 462 847 485 τι
871 449 1062 491 τοιοῦτον,
1084 445 1135 487 ὡς
1161 445 1279 497 ἔγωγ’
1299 445 1343 485 οὔ
1364 450 1479 498 φημι,
1517 459 1579 494 125

116 531 132 562 5
154 517 309 564 πρῶτον
341 515 414 563 μὲν
437 516 490 567 τῷ
522 515 644 563 μηδὲν
669 512 868 562 ἠδικηκότι
902 513 1076 558 πώποτε,
1103 512 1284 562 δεύτερον
1317 513 1358 552 δὲ
1392 512 1480 562 μηδ’

153 579 201 620 ἂν
235 581 383 620 ἀδικεῖν
415 580 612 630 βούληται
645 578 913 632 δυνησομένῳ,
940 578 1061 618 ἔπειθ’
1095 578 1147 620 ὡς
1179 580 1337 629 ἀληθῶς
1369 579 1481 620 ὅστις

153 646 304 686 ἅπασιν
337 647 558 698 ἀνθρώποις
590 648 703 686 ἔσται
729 645 902 697 φανερὸς
934 646 1031 696 ὑπὲρ
1064 649 1132 685 τοῦ
1164 645 1215 696 μή
1241 642 1316 696 (τι)
1343 648 1481 686 παθεῖν

153 713 260 753 ταῦθ’
287 713 578 765 εὑρισκόμενος,
606 713 669 753 καὶ
694 712 762 752 οὐκ
793 712 857 752 ἐπὶ
887 716 939 766 τῷ
970 716 1098 752 ποιεῖν
1130 711 1213 763 μετ’
1239 712 1371 754 ἀδείας
1396 712 1478 752 ἑτέ-

151 797 241 831 ρους
279 784 417 825 κακῶς,
455 779 580 833 τούτῳ
616 778 764 819 δοτέον.
834 780 894 818 ὅτι
929 781 1000 830 μὲν
1037 780 1169 819 τοίνυν
1202 779 1222 817 ὁ
1254 780 1481 831 Χαρίδημος

98 865 134 887 10
152 848 241 887 οὔτε
266 851 345 887 τῶν
371 845 655 898 ἀναμαρτήτων
680 846 767 886 ἐστὶ
792 845 890 897 πρὸς
914 846 1012 896 ὑμᾶς
1042 846 1129 886 οὔτε
1159 850 1238 885 τῶν
1270 847 1334 886 ἵνα
1365 845 1417 896 μή
1442 862 1480 886 τι

152 913 258 969 πάθῃ
290 913 399 954 ταῦθ’
429 912 734 965 εὑρισκομένων,
769 911 891 952 ἐάσω·
928 912 1021 952 ἀλλ’
1047 912 1098 953 ὡς
1127 912 1214 952 οὐδὲ
1249 912 1392 954 πιστὸς
1426 914 1481 954 εἰς

152 981 220 1021 τὸν
257 981 393 1021 ἔπειτα
424 981 583 1033 χρόνον,
618 979 816 1020 ἀκούσατέ
850 996 937 1030 μου,
974 980 1036 1020 καὶ
1070 983 1269 1026 σκοπεῖτε,
1305 979 1354 1020 ἂν
1389 980 1480 1029 ὑμῖν

152 1048 277 1099 ὀρθῶς
303 1047 497 1098 ἐξετάζειν
522 1049 634 1086 δοκῶ.

218 1114 324 1167 Ἐγὼ
349 1114 507 1165 νομίζω,
529 1112 558 1154 ὦ
579 1113 716 1166 ἄνδρες
734 1112 952 1164 Ἀθηναῖοι,
972 1114 1064 1153 ὅσοι
1087 1115 1159 1164 μὲν
1178 1116 1255 1154 τῶν
1279 1112 1480 1165 ἡμετέρων
1514 1116 1580 1149 126

95 1197 131 1227 15
154 1182 253 1221 ἐθῶν
292 1181 353 1221 καὶ
392 1181 524 1232 νόμων
565 1180 798 1231 ἐπιθυμηταὶ
839 1181 1046 1233 γενόμενοι
1087 1183 1249 1220 πολῖται
1288 1179 1479 1232 γενέσθαι
1512 1177 1632 1231 [662]

153 1249 423 1294 ἐσπούδασαν,
450 1247 531 1298 ἅμα
562 1247 596 1287 τ’
625 1247 765 1289 αὐτοὺς
796 1246 845 1288 ἂν
874 1246 1086 1300 τυγχάνειν
1118 1248 1269 1288 τούτων
1301 1247 1364 1287 καὶ
1388 1247 1479 1299 παρ’

151 1315 243 1366 ἡμῖν
268 1316 389 1355 οἰκεῖν
420 1314 482 1354 καὶ
513 1313 696 1368 μετέχειν
720 1315 775 1355 ὧν
804 1315 1072 1365 ἐπεθύμησαν·
1112 1315 1231 1355 ὅσους
1261 1317 1302 1355 δὲ
1332 1314 1480 1354 τούτων

151 1384 224 1432 μὲν
264 1381 431 1432 μηδενὸς
471 1380 561 1432 μήτ’
599 1383 785 1432 ἐπιθυμία
825 1380 923 1432 μήτε
968 1382 1088 1431 ζῆλος
1132 1380 1369 1434 εἰσέρχεται,
1409 1380 1481 1431 τὴν

152 1448 389 1499 πλεονεξίαν
409 1448 442 1488 δ’
459 1449 670 1500 ἀγαπῶσιν
688 1447 737 1498 ἣν
756 1450 820 1488 διὰ
838 1451 906 1488 τοῦ
925 1451 1053 1489 δοκεῖν
1073 1447 1140 1501 ὑφ’
1165 1449 1273 1499 ὑμῶν
1291 1450 1482 1498 τιμᾶσθαι

95 1531 132 1552 20
153 1518 403 1567 καρποῦνται,
429 1515 589 1557 τούτους
620 1515 654 1555 δ’
679 1516 823 1565 οἴομαι,
849 1518 1007 1566 μᾶλλον
1036 1515 1068 1555 δ’
1094 1515 1180 1555 οἶδα
1205 1518 1359 1566 σαφῶς,
1387 1515 1481 1554 ὅταν

152 1584 247 1623 ποτὲ
270 1584 449 1633 μείζονος
468 1581 703 1633 πλεονεξίας
722 1581 912 1634 ἑτέρωθεν
930 1581 1058 1622 ἐλπίδ’
1078 1584 1229 1627 ἴδωσιν,
1253 1581 1332 1621 οὐδ’
1352 1582 1482 1621 ὁτιοῦν

151 1650 259 1700 ὑμῶν
293 1650 588 1701 φροντίσαντας
622 1649 775 1699 ἐκείνην
808 1649 1080 1701 θεραπεύσειν.
1153 1649 1249 1694 οἷον,
1277 1647 1325 1689 ἵν’
1353 1650 1481 1698 εἰδῆτε
1517 1661 1579 1694 127

153 1717 216 1756 καὶ
245 1717 355 1767 ὑμεῖς
383 1715 481 1767 πρὸς
510 1714 531 1755 ὃ
561 1714 668 1755 ταῦτ’
693 1716 771 1767 ἐγὼ
804 1714 972 1766 βλέπων
1002 1715 1122 1767 λέγω,
1150 1716 1295 1755 Πύθων
1329 1716 1479 1760 οὑτοσί,

152 1784 218 1822 ὅτε
236 1784 309 1833 μὲν
330 1783 459 1822 Κότυν
479 1781 591 1823 εὐθὺς
611 1783 836 1823 ἀπεκτονὼς
856 1782 924 1822 οὐκ
943 1783 1128 1834 ἀσφαλὲς
1147 1782 1270 1834 ἡγεῖτ’
1291 1783 1481 1822 ἀπελθεῖν

94 1863 130 1895 25
152 1850 243 1890 ὅποι
266 1849 392 1902 τύχοι,
414 1847 536 1899 ἦλθεν
561 1849 612 1890 ὡς
636 1849 734 1899 ὑμᾶς
760 1849 822 1889 καὶ
841 1850 1047 1889 πολιτείαν
1070 1848 1220 1905 ᾔτησεν
1241 1850 1303 1889 καὶ
1324 1848 1482 1888 πάντων

151 1914 369 1965 ἐποιήσατο
408 1916 585 1967 πρώτους
626 1917 737 1966 ὑμᾶς,
779 1915 913 1965 ἐπειδὴ
958 1915 990 1955 δ’
1030 1917 1153 1956 οἴεται
1191 1917 1239 1956 τὰ
1278 1916 1482 1956 Φιλίππου

151 1981 363 2034 πράγματα
389 1981 609 2035 συμφέρειν
635 1983 736 2036 αὐτῷ
762 1985 932 2033 μᾶλλον,
960 1982 1040 2023 οὐδ’
1067 1983 1195 2022 ὁτιοῦν
1225 1984 1331 2032 ὑμῶν
1357 1987 1479 2034 φρον-

198 2101 210 2121 1
246 2092 346 2124 καλόν
371 2091 435 2122 del.
464 2091 585 2131 Cobet,
612 2091 653 2122 cs.
677 2102 724 2121 xx
753 2092 811 2121 118
955 2103 973 2130 4
1007 2097 1085 2131 post
1108 2091 1292 2132 φανούμεθα
1314 2091 1390 2121 add.
1418 2092 1482 2132 ἐγὼ

152 2134 212 2175 μὲν
239 2137 295 2167 οὐκ
324 2135 389 2175 ἔχω
418 2133 549 2165 FYO:
581 2136 645 2175 ἐγὼ
668 2134 729 2175 μὲν
753 2137 814 2175 οὐχ
845 2137 905 2176 ὁρῶ
933 2135 988 2174 aL,
1015 2135 1055 2166 cs.
1086 2139 1100 2170 ξ
1132 2144 1213 2173 137:
1247 2144 1311 2165 om.
1339 2133 1363 2164 S
1391 2134 1482 2165 solus

152 2189 172 2217 5
203 2179 353 2217 δεύτερον
376 2178 412 2210 δὲ
436 2178 500 2209 del.
519 2178 627 2208 Cobet
744 2182 789 2219 τῷ
814 2183 889 2217 post
914 2178 1063 2220 δεύτερον
1087 2177 1123 2210 δὲ
1146 2178 1225 2208 add.
1246 2178 1299 2208 ed.
1324 2177 1426 2208 Paris.
1450 2188 1479 2208 a.

157 2231 259 2261 1570:
285 2232 350 2252 om.
370 2222 465 2253 codd.
614 2231 630 2260 7
656 2235 687 2253 τι
704 2222 781 2253 add.
798 2221 975 2252 Markland
1119 2232 1141 2261 9
1165 2221 1271 2261 τούτῳ
1288 2221 1400 2253 δοτέον
1417 2221 1481 2252 del.

152 2266 263 2296 Cobet
392 2275 427 2295 11
456 2267 538 2306 πάθῃ
556 2266 652 2295 codd.
673 2276 680 2295 z
703 2265 825 2297 πάθωσι
845 2265 973 2296 Reiske
1101 2276 1138 2295 12
1164 2265 1289 2305 ἔπειτα]
1310 2264 1435 2296 ἅπαντα
1451 2264 1482 2294 Α

156 2310 196 2338 16
219 2308 423 2341 ἐσπούδασαν
438 2314 516 2348 post
531 2308 683 2349 ’γενέσθαι
700 2308 790 2347 vulg.
807 2320 814 2338 ε
840 2313 919 2339 ante
935 2308 1086 2349 γενέσθαι
1105 2309 1129 2340 S
1141 2308 1170 2339 Y
1185 2309 1216 2338 O
1326 2317 1362 2346 17
1389 2310 1482 2339 ὅσους

154 2351 199 2383 S:
233 2353 320 2384 ὅσοις
344 2357 422 2383 cett.
588 2362 630 2382 20
661 2351 753 2391 prius
777 2352 805 2384 δ’
829 2362 893 2383 om.
920 2351 951 2382 A
966 2352 992 2382 F
1150 2362 1190 2382 22
1222 2353 1311 2391 ἡμῶν
1335 2350 1481 2382 SFYO

153 2405 194 2433 24
219 2397 257 2428 τὸ
274 2401 348 2435 post
366 2396 480 2437 ἡγεῖτο
497 2395 572 2426 add.
593 2395 637 2426 S:
663 2405 730 2427 om.
748 2399 825 2426 cett.
961 2396 1004 2425 26
1029 2398 1169 2428 ἐποιεῖτο
1185 2395 1216 2425 Α
