1737 2734
144 127 265 180 xxm]
457 127 587 168 KAT'
631 129 1150 168 ΑΡΙΣΤΟΚΡΑΤΟὙΣ
1503 127 1622 184 [650]

140 235 424 289 γεγραμμένων
461 239 542 276 τοῖς
579 235 630 276 ὡς
667 236 823 285 ἀληθῶς
861 233 1084 286 εὐεργέταις
1113 236 1182 284 τῆς
1215 234 1382 284 πόλεως,
1421 235 1471 275 ἵν’

141 301 263 352 εἰδῆθ’
291 303 354 342 ὅτι
384 301 519 356 ῥᾴδιόν
553 303 640 342 ἐστι
674 301 845 354 γράφειν
878 302 926 341 τὰ
961 301 1104 347 δίκαια,
1136 302 1233 341 ὅταν
1265 300 1384 341 αὐτοῦ
1412 318 1470 343 τις

141 370 270 410 εἵνεκα
294 369 433 409 τούτου
466 368 615 424 γράφῃ,
642 372 710 408 τοῦ
735 368 903 419 τιμῆσαί
925 384 1013 408 τινα
1042 367 1105 407 καὶ
1134 370 1369 417 μεταδοῦναι
1392 372 1469 409 τῶν

139 436 232 486 ἡμῖν
256 436 528 488 ὑπαρχόντων,
556 436 620 476 καὶ
648 435 700 485 μὴ
727 437 790 476 διὰ
818 438 887 474 τοῦ
913 439 1034 474 ταῦτα
1063 437 1192 474 δοκεῖν
1221 438 1349 475 ποιεῖν
1373 435 1469 485 βού-

101 518 118 549 5
138 507 257 552 ληται
283 505 512 553 κακουργεῖν
538 501 600 541 καὶ
625 502 956 554 παρακρούεσθαι.
1028 500 1124 552 λέγε
1149 503 1197 541 τὰ
1222 503 1470 553 ψηφίσματα

138 569 260 608 ταυτί.
332 567 425 608 ἀλλ’
451 569 516 608 ἵνα
539 568 590 618 μὴ
615 572 764 620 μακρὸν
784 570 874 618 ὑμῖν
900 568 1056 608 ἀκούειν
1081 566 1117 622 ᾗ,
1139 567 1185 618 ἐξ
1202 566 1372 608 ἑκάστου
1391 572 1469 608 τῶν

139 634 416 687 ψηφισμάτων
436 634 530 674 αὐτὸ
555 634 657 675 τοῦτ’
677 634 896 685 ἐξείλεκται
916 636 1003 686 περὶ
1029 633 1072 673 οὗ
1092 635 1229 674 τούτου
1252 640 1467 687 κατηγορῶ.

138 702 245 754 λέγε.

675 788 927 816 ΨΗΦΙΣΜΑΤΑ.

79 874 118 896 10
203 855 340 908 ‘Opao'
364 857 426 896 ὅτι
450 855 606 901 πάντες,
629 854 658 895 ὦ
683 855 821 907 ἄνδρες
846 855 1062 906 Ἀθηναῖοι,
1084 856 1153 897 τὸν
1179 856 1298 897 αὐτὸν
1322 857 1468 908 τρόπον
1500 863 1547 906 89

138 922 405 975 γεγράφασιν.
479 926 487 940 ‘
506 922 637 963 ἕστω’
665 922 791 974 φησὶν
818 925 827 939 ‘
845 923 942 973 ὑπὲρ
967 923 1086 963 αὐτοῦ
1117 924 1140 973 ἡ
1175 923 1272 972 αὐτὴ
1302 924 1468 976 τιμωρία

139 989 314 1041 καθάπερ
343 990 391 1030 ἂν
420 989 488 1030 τὸν
522 990 735 1040 Ἀθηναῖον
764 988 1008 1045 ἀποκτείνῃ,’
1044 991 1196 1041 κυρίους
1224 992 1297 1040 μὲν
1327 992 1467 1032 ἐῶντες

137 1056 227 1098 τοὺς
252 1057 340 1108 περὶ
364 1057 513 1096 τούτων
537 1056 789 1109 ὑπάρχοντας
817 1057 906 1106 ὑμῖν
932 1056 1088 1106 νόμους,
1116 1056 1286 1107 σεμνοὺς
1311 1056 1344 1096 δ’
1369 1058 1465 1098 ἀπο-

138 1124 361 1175 φαίνοντες,
396 1124 436 1163 οἵ
470 1122 507 1175 γ’
545 1124 586 1163 ἐν
623 1125 784 1174 δωρειᾶς
820 1121 1062 1173 ἐποιήσαντο
1098 1123 1209 1174 τάξει
1244 1123 1289 1163 τὸ
1317 1124 1466 1165 τούτων

80 1208 116 1239 15
137 1192 382 1240 μεταδοῦναι.
454 1189 547 1230 ἀλλ’
583 1190 651 1229 οὐκ
681 1188 1003 1242 Ἀριστοκράτης,
1040 1191 1145 1230 ἀλλὰ
1182 1192 1467 1243 προπηλακίζει

136 1259 209 1307 μὲν
249 1257 332 1297 καθ’
371 1258 472 1297 ὅσον
514 1257 675 1297 δύναται
711 1257 871 1298 τούτους
907 1255 973 1306 (ὡς
1016 1260 1110 1308 γοῦν
1150 1256 1306 1299 οὐδενὸς
1345 1256 1467 1308 ἀξίων

137 1324 235 1363 ἴδιόν
255 1341 291 1363 τι
315 1322 487 1376 γράφειν
512 1321 800 1377 ἐπεχείρησεν),
821 1325 962 1375 μικρὰν
986 1323 1019 1362 δ’
1040 1325 1257 1376 ἀποφαίνει
1282 1324 1466 1375 κάκείνην

137 1390 208 1439 τὴν
250 1392 414 1442 δωρειὰν
461 1389 487 1446 ᾗ
522 1390 595 1440 τὴν
643 1391 848 1430 πολιτείαν
897 1391 1089 1430 δεδώκατε
1138 1395 1189 1444 τῷ
1238 1390 1462 1446 Χαριδήμῳ.

136 1456 177 1497 ὃς
225 1456 313 1509 γάρ,
364 1457 416 1499 ὡς
462 1457 707 1508 ἀγαπώντων
753 1455 859 1496 τοῦθ’
907 1458 1014 1507 ὑμῶν
1062 1458 1125 1497 καὶ
1168 1459 1462 1510 προσοφειλόν-

78 1540 118 1561 20
136 1540 213 1563 των
233 1522 349 1576 χάριν
369 1523 484 1578 αὐτῷ,
506 1523 709 1576 γέγραφεν
728 1524 791 1563 καὶ
817 1522 913 1574 πρὸς
932 1523 1150 1574 φυλάττειν
1176 1526 1274 1574 ὑμᾶς
1299 1526 1462 1570 ἐκεῖνον,

136 1591 242 1631 ὅπως
271 1591 394 1632 ἀδεῶς
430 1592 452 1630 ὅ
480 1607 516 1630 τι
544 1590 594 1631 ἂν
622 1590 818 1641 βούληται
851 1596 956 1647 ποιῇ,
989 1594 1070 1632 πῶς
1098 1590 1144 1630 οὐ
1172 1590 1278 1630 τοῦθ’
1308 1589 1328 1631 ὃ
1356 1591 1463 1643 λέγω

135 1656 410 1709 διαπράττεται
419 1674 429 1703 ;

203 1724 286 1764 Οὐκ
320 1724 448 1776 ἀγνοῶ
482 1725 625 1770 τοίνυν,
658 1722 687 1764 ὦ
722 1724 859 1776 ἄνδρες
888 1723 1104 1775 Ἀθηναῖοι,
1138 1726 1198 1764 ὅτι
1232 1725 1283 1766 ὡς
1316 1727 1388 1775 μὲν
1418 1725 1463 1765 οὐ
1492 1738 1539 1772 9ο

135 1792 240 1841 παρὰ
263 1790 353 1832 τοὺς
378 1791 520 1841 νόμους
537 1795 718 1842 φανερῶς
747 1790 951 1843 γέγραφεν
979 1790 1024 1830 τὸ
1048 1790 1246 1843 ψήφισμα
1276 1792 1458 1843 Ἀριστο-

76 1874 112 1904 25
135 1856 278 1908 κράτης
306 1857 379 1910 οὐχ
410 1856 489 1907 ἕξει
522 1856 658 1907 δεῖξαι,
691 1857 711 1897 ’ὀ
741 1859 783 1897 δὲ
811 1858 1037 1898 δεινότατον
1066 1857 1226 1898 πάντων
1257 1860 1380 1904 ἐστίν,
1416 1859 1460 1898 τὸ
1493 1855 1598 1910 [651]

132 1924 325 1974 μηδεμίαν
351 1924 481 1976 κρίσιν
513 1925 554 1963 ἐν
583 1923 701 1964 παντὶ
731 1926 897 1973 ποιῆσαι
925 1927 977 1978 τῷ
1008 1926 1248 1976 ψηφίσματι
1278 1926 1459 1975 τοιαύτης

133 1991 272 2036 αἰτίας,
307 1990 411 2030 τοῦθ’
442 1992 699 2042 ὑφαιρεῖσθαι
728 1989 972 2043 πειράσεται.
1044 1992 1122 2042 ἐγὼ
1152 1993 1193 2031 δὲ
1225 1992 1313 2044 περὶ
1344 1991 1460 2031 αὐτοῦ

132 2058 270 2097 τούτου
302 2059 434 2098 πολλὰ
459 2060 532 2108 μὲν
561 2057 696 2109 λέγειν
727 2057 794 2097 οὐκ
828 2057 936 2108 οἶμαι
964 2061 1059 2103 δεῖν,
1090 2060 1131 2098 ἐκ
1156 2061 1198 2099 δὲ
1228 2062 1297 2098 τοῦ
1326 2060 1455 2111 ψηφί-

133 2141 281 2174 σματος
301 2124 418 2164 αὐτοῦ
438 2123 550 2174 δείξω
572 2129 712 2176 σαφῶς
729 2124 808 2164 οὐδ’
828 2125 946 2165 αὐτὸν
965 2129 1104 2165 τοῦτον
1120 2126 1340 2177 ἡγούμενον
1359 2125 1458 2166 εἶναι

173 2234 193 2262 6
218 2236 289 2272 ὑμῖν
305 2239 384 2264 ante
402 2234 526 2266 ἀκούειν
544 2234 573 2263 Α
589 2245 595 2264 z
621 2240 698 2274 post
715 2235 840 2267 ἀκούειν
858 2235 882 2265 S
900 2235 988 2274 vulg.
1132 2246 1170 2266 10
1193 2235 1216 2266 ὦ
1236 2246 1301 2266 om.
1323 2235 1346 2265 S
1364 2235 1456 2266 solus

134 2278 172 2306 16
204 2277 305 2308 ὄντων
320 2277 396 2308 add.
415 2283 490 2316 post
507 2278 600 2318 ἀξίων
617 2279 706 2316 vulg.
724 2290 730 2308 :
764 2283 842 2308 ante
857 2279 949 2319 ἀξίων
966 2279 996 2308 Α
1014 2291 1020 2309 :
1045 2290 1108 2309 om.
1131 2280 1154 2309 S
1172 2280 1273 2317 solus,
1294 2279 1333 2309 cf.
1352 2289 1399 2309 xx
1414 2289 1454 2317 47

134 2320 171 2349 18
197 2322 231 2352 ἐν
246 2327 326 2350 ante
342 2319 363 2362 ᾗ
380 2321 457 2351 add.
477 2321 506 2350 A
520 2321 549 2351 Y
563 2321 592 2350 O
608 2321 632 2351 F
647 2335 708 2362 -γρ,,
730 2322 771 2353 cf.
793 2325 808 2358 ,8
827 2332 867 2360 23
885 2334 891 2352 :
919 2333 984 2354 om.
1005 2323 1028 2353 S
1046 2324 1086 2353 al.
1314 2333 1356 2353 20
1378 2324 1455 2364 πρὸς

130 2363 307 2402 φυλάττειν
319 2363 482 2395 Dindors:
506 2365 592 2406 πρός,
608 2365 789 2406 φυλάττειν
801 2365 843 2396 F:
864 2372 1128 2407 προσφυλαττειν
1140 2365 1163 2396 S
1179 2366 1266 2405 (SIne
1278 2366 1453 2405 accentu):

130 2406 392 2446 προσφυλάττειν
405 2408 446 2438 al.
467 2418 473 2437 ε
498 2407 631 2449 προσέτι
649 2408 830 2449 φυλάττειν
847 2409 877 2439 Α
1013 2419 1053 2448 27
1079 2408 1129 2450 δὲ]
1151 2410 1189 2448 δὴ
1209 2409 1234 2440 F
1251 2419 1333 2440 corr.
