1737 2734
100 121 215 175 [794]
648 113 1166 169 [ΔΗΜΟΣΘΕΝΟΎΣ]
1475 113 1573 167 [xxv

245 228 368 278 μιαρῷ
394 223 517 276 τούτῳ
543 225 790 272 μεταδοῦναι.
851 224 914 261 διὰ
939 223 994 267 τί;
1033 223 1092 261 ὅτι
1119 221 1163 261 ὃν
1189 222 1236 262 ἂν
1263 221 1377 264 αὐτὸς
1408 223 1575 264 ἕκαστος

246 292 364 340 νόμον
397 290 442 345 τῇ
478 289 600 341 φύσει
634 291 730 328 κατὰ
765 288 923 328 πάντων
958 290 1044 344 ἔχῃ,
1072 289 1210 328 τούτου
1242 287 1452 340 τυγχάνειν
1485 289 1576 340 παρ’

169 365 211 398 82
245 356 416 397 ἑκάστου
441 355 588 396 δίκαιός
614 356 702 394 ἐστι
723 356 783 394 καὶ
803 355 932 396 αὐτός.
1005 354 1077 394 τίν’
1100 355 1168 394 οὖν
1188 355 1310 404 νόμον
1335 355 1424 404 ὑμῖν
1443 352 1466 404 ἢ
1487 356 1576 395 τίνα

245 423 445 473 βούλησιν
480 422 588 474 ἔχειν
619 421 926 473 Ἀριστογείτων
963 423 1057 460 κατὰ
1092 421 1250 461 πάντων
1283 423 1406 465 δοκεῖ;
1444 421 1575 472 πότερ’

246 489 507 542 εὐτυχοῦντας
533 488 626 539 ὁρᾶν
659 488 720 527 καὶ
749 489 790 527 ἐν
821 487 1046 540 εὐδαιμονίᾳ
1077 488 1139 527 καὶ
1174 493 1330 543 χρηστῇ
1363 486 1456 542 δόξῃ
1490 487 1572 527 διά-

1596 504 1612 534 ‘1-

246 571 407 606 γοντας;
454 555 516 594 καὶ
552 556 593 594 τί
624 557 747 594 ποιῶν
782 553 960 604 ζήσει-αα
1004 556 1051 592 τὰ
1084 555 1159 605 γὰρ
1192 558 1270 593 τῶν
1306 552 1442 593 ἄλλων
1477 556 1575 593 κακὰ

245 625 382 661 τοῦτον
407 620 556 673 τρέφει.
619 620 757 660 οὐκοῦν
784 622 824 660 ἐν
855 621 1011 672 κρίσεσι
1044 620 1106 659 καὶ
1137 621 1265 671 ἀγῶσι
1293 621 1355 660 καὶ
1385 624 1576 670 πονηραῖς

245 689 387 730 αἰτίαις
412 687 589 728 ἅπαντας
616 686 714 727 εἶναι
739 687 946 737 βούλεται·
983 690 1104 726 ταῦτα
1128 689 1308 738 γεωργεῖ,
1331 685 1437 725 ταῦτ’
1457 685 1572 737 ἐργά-

247 755 362 804 ζεται.
435 755 456 793 ὁ
494 755 535 794 δὲ
575 754 688 794 ποῖός
727 770 798 798 τις,
838 751 867 792 ὦ
906 753 1043 804 ἄνδρες
1082 752 1299 802 Ἀθηναῖοι,
1340 751 1488 792 καλοῖτ’
1527 752 1576 792 ἂν

244 823 402 863 δικαίως
428 821 448 860 ὁ
474 819 793 872 τρισκατάρατος,
815 820 836 858 ὁ
861 819 989 860 κοινὸς
1015 820 1168 872 ἐχθρός,
1191 819 1211 858 ὁ
1236 821 1336 859 πᾶσι
1361 818 1572 869 δυσμενής,
1600 839 1636 861 10

245 889 321 942 ὅτῳ
352 886 450 938 μήτε
482 889 532 938 γῆ
559 886 676 938 φέροι
710 886 855 937 καρπὸν
888 885 977 936 μήτ’
1004 885 1253 925 ἀποθανόντα
1287 883 1460 935 δέξαιτο,·
1499 885 1573 937 οὐχ

171 961 214 1004 83
247 955 266 993 ὁ
299 958 492 999 τοιοῦτος;
532 953 658 1005 ἔγωγε
689 953 844 1003 νομίζω.
911 954 1017 994 τίνος
1050 954 1092 992 δὲ
1122 951 1358 1004 συγγνώμης
1393 948 1416 1000 ἦ
1449 951 1573 991 ποίων

247 1021 370 1061 ἐλέων
403 1023 440 1061 οἱ
475 1019 871 1071 σεσυκοφαντημένοι
905 1017 1170 1072 τετυχήκασιν
1202 1020 1307 1069 παρὰ
1340 1017 1489 1063 τούτου,
1516 1018 1574 1058 οἶς

102 1088 215 1142 [795]
247 1088 359 1129 οὗτος
386 1086 554 1127 θανάτου
579 1089 704 1126 πᾶσιν
730 1085 877 1136 ἐτιμᾶτ’
903 1087 946 1125 ἐν
975 1085 1152 1125 τουτοισὶ
1176 1088 1258 1126 τοῖς
1292 1085 1571 1135 δικαστηρίοις,

248 1155 310 1194 καὶ
334 1157 456 1194 ταῦτα
482 1153 572 1204 πρὶν
597 1153 669 1202 τὴν
695 1153 851 1202 πρώτην
871 1154 1013 1204 ψῆφον
1039 1153 1305 1204 διενεχθῆναι;
1343 1150 1404 1190 καὶ
1430 1150 1495 1202 ἐφ’
1516 1150 1574 1192 οῖς
1599 1167 1634 1199 15

247 1222 266 1260 ὁ
299 1220 506 1271 βάσκανος
539 1219 652 1260 οὗτος
688 1219 810 1260 οὕτως
844 1219 957 1268 ὠμῶς
991 1218 1053 1258 καὶ
1086 1221 1233 1270 πικρῶς
1267 1217 1388 1270 εἶχεν,
1414 1216 1574 1258 τούτους

245 1289 352 1337 ὑμῶν
389 1289 424 1327 οἱ
460 1287 668 1339 λαχόντες,
703 1285 840 1337 ἄνδρες
874 1286 1091 1335 Ἀθηναῖοι,
1125 1286 1174 1323 τὰ
1207 1284 1336 1324 δίκαια
1371 1287 1575 1324 ποιοῦντες

247 1355 409 1408 ἔσῳζον,
438 1355 500 1393 καὶ
533 1353 623 1394 τοὺς
656 1352 731 1393 ὑπὸ
763 1352 901 1392 τούτου
935 1349 1330 1403 συκοφαντουμένους
1363 1351 1571 1402 ἀπεψηφί-

249 1422 372 1470 ζοντο,
401 1421 463 1460 καὶ
494 1420 540 1460 τὸ
577 1419 756 1470 πέμπτον
788 1418 904 1470 μέρος
937 1422 1016 1459 τῶν
1052 1417 1205 1470 ψήφων
1238 1417 1282 1457 οὐ
1316 1418 1575 1468 μετεδίδοσαν

172 1495 216 1536 84
247 1488 383 1542 τούτῳ.
456 1486 548 1526 ἀλλ’
574 1487 598 1536 ἥ
623 1503 668 1537 γε
693 1486 830 1525 τούτου
854 1487 988 1537 πικρία
1014 1486 1075 1524 καὶ
1100 1485 1309 1535 μιαιφονία
1335 1483 1397 1523 καὶ
1423 1483 1575 1534 ὠμότης
1598 1501 1637 1522 20

248 1557 375 1605 παρῆν
402 1555 464 1594 καὶ
485 1552 707 1604 ἐξητάζετο.
770 1552 859 1604 οὐχὶ
878 1553 1025 1597 παιδία,
1049 1551 1138 1604 οὐχὶ
1162 1550 1331 1603 μητέρας
1350 1553 1427 1590 τῶν
1448 1566 1573 1601 κρινο-

246 1621 376 1671 μένων
402 1621 517 1660 ἐνίων
544 1623 663 1672 γραῦς
690 1619 953 1670 παρεστώσας
973 1620 1073 1669 ὁρῶν
1093 1618 1205 1659 οὗτος
1225 1617 1346 1667 ἠλέει.
1410 1615 1492 1657 εἶτα
1511 1615 1576 1655 σοὶ

249 1688 484 1739 συγγνώμη;
522 1688 644 1727 πόθεν
670 1683 692 1736 ἦ
719 1688 824 1737 παρὰ
848 1690 935 1731 τοῦ,·
974 1682 996 1734 ἦ
1023 1688 1104 1726 τοῖς
1138 1688 1224 1726 σοῖς
1250 1684 1418 1724 παιδίοις
1444 1682 1574 1728 ἔλεος;

248 1758 401 1794 πολλοῦ
434 1771 479 1805 γε
514 1753 576 1793 καὶ
608 1756 678 1793 δεῖ.
752 1753 802 1792 σὺ
835 1752 903 1792 τὸν
935 1753 989 1793 εἷς
1025 1751 1131 1791 ταῦτ’
1165 1752 1279 1791 ἔλεον
1316 1749 1575 1801 προδέδωκας,

249 1821 559 1874 ’ΛΑριστογεῖτ-ον,
586 1822 742 1870 μᾶλλον
768 1819 801 1859 δ’
827 1817 1023 1875 ἀνῄρηκας
1052 1820 1168 1859 ὅλως.
1240 1817 1293 1868 μὴ
1319 1817 1364 1866 δὴ
1391 1815 1487 1868 πρὸς
1511 1815 1578 1857 οὓς
1600 1833 1635 1864 25

294 1941 312 1960 2
339 1931 419 1961 κατὰ
444 1929 571 1961 πάντων
597 1929 658 1970 ἔχῃ
686 1928 708 1958 S
735 1928 800 1958 aL:
833 1930 930 1965 δῆλος
956 1927 976 1967 ᾗ
1003 1929 1083 1958 κατὰ
1107 1926 1236 1958 πάντων
1260 1926 1344 1963 (καθ’
1363 1925 1513 1957 ἁπάντων
1538 1924 1575 1964 F)

251 1974 337 2012 ἔχων
370 1974 400 2003 Α
577 1983 595 2009 4
628 1972 738 2012 πότερ’
771 1972 823 2001 A:
863 1972 1000 2012 πότερον
1033 1971 1055 2000 S
1089 1971 1183 2009 vulg.
1362 1979 1378 2007 7
1416 1971 1449 2000 ἐν
1475 1970 1577 2009 ἀγῶσι

252 2018 317 2047 SY
481 2017 500 2046 8
525 2018 650 2047 ταῦτα.
672 2039 679 2044 .
703 2040 708 2045 .
730 2014 897 2056 ἐργάζεται
922 2025 987 2044 om.
1017 2014 1068 2044 A:
1101 2015 1132 2043 in
1158 2023 1261 2051 marg.
1290 2013 1415 2043 habent
1439 2012 1464 2042 S
1490 2021 1574 2042 corr.

253 2061 281 2090 Y
445 2070 466 2098 9
491 2062 506 2090 ὁ
532 2059 565 2090 δὲ
591 2059 678 2091 ποῖός
701 2072 749 2090 τις
771 2058 830 2088 5¹:
865 2061 881 2089 ὁ
906 2058 940 2089 δὲ
965 2060 1110 2089 τοιοῦτος
1135 2057 1222 2088 ποῖός
1247 2069 1295 2088 τις
1321 2057 1349 2086 Α
1375 2061 1407 2085 et
1434 2056 1498 2087 Rh.
1516 2056 1573 2085 Gr.

251 2104 294 2134 vii
312 2104 375 2142 998
392 2115 398 2133 :
431 2106 446 2134 ὁ
465 2103 498 2134 δὲ
517 2104 556 2141 δὴ
574 2102 777 2143 παμπόνηρος
802 2103 961 2142 ἄνθρωπος
985 2101 1074 2133 ποῖός
1098 2114 1147 2132 τις
1167 2100 1254 2139 vulg.
1274 2111 1280 2129 t
1313 2101 1351 2137 δὴ
1375 2099 1578 2139 παμπόνηρος

251 2158 353 2186 supra
385 2147 471 2178 ποῖός
504 2159 552 2178 τις
585 2146 659 2175 add.
697 2146 720 2175 S
756 2155 855 2182 corr„
885 2145 925 2175 cs.
958 2145 1037 2174 xviii
1075 2155 1135 2183 119
1256 2145 1294 2181 δὴ
1328 2148 1403 2182 post
1435 2142 1469 2174 δὲ
1501 2142 1580 2172 add.

252 2192 341 2229 vulg.
364 2191 386 2220 S
413 2200 519 2220 corn:
553 2200 617 2219 om.
639 2187 760 2218 S¹AY
782 2194 815 2219 et
842 2188 907 2218 Rh.
928 2187 985 2219 Gr.
1007 2188 1026 2217 1.
1042 2198 1070 2218 c.
1207 2196 1240 2217 11
1270 2186 1361 2226 ζῶντι
1386 2186 1474 2216 inter
1496 2186 1578 2224 μήτε

253 2240 286 2264 et
313 2237 356 2274 ’γῆ
385 2234 460 2263 add.
490 2233 513 2263 S
539 2243 623 2263 corr.
649 2242 740 2271 supr.
768 2242 903 2262 versum
1072 2241 1109 2269 13
1133 2231 1205 2272 παρ’
1231 2232 1327 2262 αὐτοῦ
1357 2230 1580 2268 τετυχήκασιν

255 2277 279 2307 F
414 2286 448 2314 17
482 2276 504 2307 ὦ
530 2281 608 2306 ante
635 2277 743 2316 ἄνδρες
767 2275 842 2304 add.
868 2274 973 2313 vulg:
1005 2285 1068 2305 om.
1098 2274 1205 2304 SAO
1358 2274 1395 2303 18
1427 2274 1477 2304 καὶ
1505 2276 1579 2311 post

255 2319 456 2393 ἔσῳιζοῦοὲη.
476 2320 506 2349 Α
523 2331 528 2348 ;
553 2319 628 2349 add.
652 2324 729 2358 post
747 2318 1065 2358 συκοφαντουμένους
1191 2318 1242 2349 καὶ
1261 2342 1267 2348 .
1289 2340 1296 2348 .
1313 2341 1318 2346 .
1342 2314 1579 2357 ἀπεψηφίζοντο

253 2374 308 2394 sec
326 2387 333 2393 .
387 2374 405 2393 o
433 2372 488 2392 ree
