1737 2734
109 137 218 193 [βῆ

177 256 216 292 μ

106 575 220 630 [wffl

181 723 222 759 52

183 1388 225 1424 53

187 1917 229 1953 54

652 128 1168 184 [ΔΗΜΟΣΘΕΝΟΎᾞ
1475 127 1570 180 [nv

252 245 434 281 σκοπεῖτε
455 239 542 291 γάρ.
597 240 699 279 εἰσὶν
719 240 815 289 ὁμοῦ
839 238 1036 289 δισμύριοι
1054 237 1195 278 πάντες
1215 236 1429 286 Ἀθηναῖοι.
1484 237 1571 276 τού-

250 324 327 347 των
347 308 513 347 ἕκαστος
539 307 581 345 ἕν
600 305 646 357 γέ
671 322 706 344 τι
732 304 913 357 πράττων
939 306 1035 344 κατὰ
1055 303 1125 353 τὴν
1145 305 1292 354 ἀγορὰν
1311 302 1572 355 περιέρχεται,

250 373 337 424 ἤτοι
367 373 411 422 νὴ
438 373 506 413 τὸν
531 371 735 422 ιΗρακλέα
764 375 841 411 τῶν
871 375 1010 410 κοινῶν
1039 367 1061 419 ἦ
1087 373 1164 410 τῶν
1195 371 1315 410 ἰδίων.
1386 368 1476 408 ἀλλ’
1500 368 1575 421 οὐχ

251 440 363 481 οὗτος
388 439 512 484 οὐδέν,
536 438 614 478 οὐδ’
634 438 682 478 ἂν
701 438 788 490 ἔχοι
812 437 936 487 δεῖξαι
961 436 1056 488 πρὸς
1081 438 1157 490 ὅτῳ
1183 436 1250 476 τὸν
1274 437 1368 486 βίον
1389 435 1475 474 ἐστὶ
1498 438 1576 474 τῶν

250 506 417 558 μετρίων
447 502 470 555 ἢ
497 508 639 545 καλῶν.
711 504 800 556 οὐχὶ
829 508 907 543 τῶν
932 506 1146 543 πολιτικῶν
1175 504 1332 554 ἀγαθῶν
1364 501 1424 542 ἐπ’
1449 501 1577 541 οὐδενὶ
1597 518 1614 549 5

251 573 298 628 τῇ
337 573 448 627 ψυχῇ
487 572 694 623 διατρίβει·
743 570 788 610 οὐ
824 570 978 622 τέχνης,
1022 570 1065 608 οὐ
1104 569 1307 621 γεωργίας,
1347 567 1413 607 οὐκ
1450 567 1578 617 ἄλλης

253 641 442 691 ἐργασίας
458 639 638 688 οὐδεμιᾶς
655 638 910 687 ἐπιμελεῖται·
942 636 986 675 οὐ
1002 636 1314 688 φιλανθρωπίας,
1333 635 1405 687 οὐχ
1422 635 1578 684 ὁμιλίας

254 706 435 756 οὐδεμιᾶς
465 705 592 745 οὐδενὶ
624 707 814 744 κοινωνεῖ·
853 704 959 742 ἀλλὰ
989 703 1196 754 πορεύεται
1228 703 1291 742 διὰ
1318 703 1387 750 τῆς
1416 701 1575 752 ἀγορᾶς,

254 774 389 824 ὥσπερ
429 772 513 824 ἔχις
550 768 573 820 ἦ
614 771 801 822 σκορπίος
843 770 967 821 ἠρκὼς
1004 769 1049 808 τὸ
1092 768 1262 820 κέντρον,
1304 767 1429 822 ᾄττων
1466 769 1579 818 δεῦρο

255 840 426 883 κάκεῖσε,
460 841 621 878 σκοπῶν
649 838 726 877 τίνι
756 838 964 888 συμφορὰν
995 832 1017 884 ἦ
1047 835 1315 887 βλασφημίαν
1342 831 1365 883 ἦ
1399 834 1516 873 κακόν
1543 850 1580 872 τι
1603 848 1641 869 10

254 904 605 957 προστριψάμενος
625 905 687 943 καὶ
708 902 962 952 καταστήσας
982 904 1036 943 εἰς
1056 903 1190 953 φόβον
1210 901 1396 953 ἀργύριον
1414 899 1576 951 εἰσπρά-

253 972 374 1023 ξεται.
445 973 533 1012 οὐδὲ
565 976 793 1025 προσφοιτᾷ
824 970 920 1020 πρός
952 986 989 1008 τι
1020 968 1168 1008 τούτων
1200 972 1278 1008 τῶν
1312 969 1353 1007 ἐν
1385 967 1432 1022 τῇ
1465 967 1582 1007 πόλει

256 1040 438 1091 κουρείων
464 1036 486 1088 ἦ
511 1039 771 1090 μυροπωλίων
790 1033 812 1086 ἢ
832 1040 910 1076 τῶν
929 1035 1064 1075 ἄλλων
1086 1035 1354 1087 ἐργαστηρίων
1374 1033 1461 1073 οὐδὲ
1486 1033 1581 1084 πρὸς

255 1107 310 1146 ἕν·
348 1105 439 1145 ἀλλ’
457 1105 686 1150 ἄσπειστος,
707 1104 920 1154 ἀνίδρυτος,
940 1102 1132 1153 ἄμεικτος,
1152 1101 1196 1140 οὐ
1215 1100 1344 1154 χάριν,
1366 1099 1410 1140 οὗ
1426 1101 1579 1151 φιλίαν,

255 1173 323 1213 οὐκ
349 1172 438 1211 ἄλλ’
458 1172 569 1212 οὐδὲν
593 1172 648 1211 ὧν
672 1170 876 1222 ἄνθρωπος
901 1169 1058 1220 μέτριος
1082 1169 1328 1220 γιγνώσκων·
1365 1167 1450 1217 μεθ’
1471 1167 1525 1206 ὧν
1551 1166 1581 1205 δ’
1606 1181 1641 1211 15

257 1242 293 1279 οἱ
315 1238 515 1291 ζωγράφοι
534 1238 622 1280 τοὺς
643 1238 807 1287 ἀσεβεῖς
834 1235 1026 1276 ἐν’Ἀιδου
1046 1234 1283 1287 γράφουσιν,
1304 1235 1402 1285 μετὰ
1420 1233 1580 1278 τούτων,

256 1306 339 1356 μετ’
377 1307 470 1357 ἀρᾶς
511 1306 572 1345 καὶ
611 1305 879 1355 βλασφημίας
917 1303 978 1342 καὶ
1015 1302 1166 1354 φθόνου
1201 1301 1263 1341 καὶ
1301 1300 1482 1341 στάσεως
1521 1301 1583 1340 καὶ

257 1374 418 1418 νείκους,
440 1371 700 1424 περιέρχεται.
762 1369 832 1410 εἶθ’
853 1369 898 1410 ὃν
923 1370 1011 1409 οὐδὲ
1035 1373 1113 1408 τῶν
1139 1367 1332 1408 ἐν”Αιδου
1357 1370 1456 1407 θεῶν
1482 1367 1584 1408 εἰκός

258 1441 368 1479 ἐστιν
393 1442 527 1491 τυχεῖν
552 1440 683 1483 ἵλεων,
713 1437 804 1477 ἀλλ’
832 1438 886 1478 εἰς
912 1436 1002 1477 τοὺς
1031 1436 1196 1486 ἀσεβεῖς
1222 1434 1398 1484 ὠσθῆναι
1426 1435 1489 1473 διὰ
1513 1433 1584 1482 τὴν

258 1506 448 1558 πονηρίαν
467 1509 535 1545 τοῦ
552 1507 656 1555 βίον,
679 1508 815 1544 τοῦτον
834 1504 942 1553 ὑμεῖς
962 1504 1168 1542 ἀδικοῦντα
1185 1502 1382 1552 λαβόντες
1401 1500 1445 1541 οὐ
1464 1501 1584 1551 μόνον
1607 1515 1645 1536 20

258 1573 302 1612 οὐ
340 1572 629 1624 τιμωρήσεσθε,
667 1572 773 1610 ἀλλὰ
812 1571 874 1610 καὶ
911 1570 1101 1620 μειζόνων
1138 1567 1379 1618 ἀξιώσαντες
1415 1570 1584 1619 δωρειῶν

259 1639 430 1692 ἀφήσετ’
450 1636 471 1688 ἢ
492 1639 581 1680 τοὺς
607 1637 830 1689 εὐεργέτας;
868 1637 945 1676 τίνι
969 1642 1044 1688 γὰρ
1064 1635 1215 1675 πώποθ’
1233 1636 1342 1685 ὑμεῖς
1368 1635 1488 1679 ἔδοτε,
1517 1635 1585 1673 ἐὰν

258 1708 367 1761 ὄφλῃ
386 1723 423 1745 τι
442 1709 493 1759 τῷ
515 1706 705 1758 δημοσίῳ,
726 1708 840 1743 τοῦτο
865 1703 917 1753 μὴ
939 1702 1145 1742 καταθέντι
1162 1705 1239 1742 τῶν
1260 1703 1359 1741 ἴσων
1383 1699 1582 1753 μετέχειν;

260 1773 401 1813 οὐδενί.
455 1772 506 1822 μὴ
533 1772 664 1811 τοίνυν
689 1773 787 1821 μηδὲ
805 1771 929 1824 τούτῳ
951 1773 1046 1809 δῶτε
1071 1773 1151 1815 νῦν,
1174 1769 1281 1808 ἀλλὰ
1305 1766 1585 1818 τιμωρήσασθε

262 1841 325 1880 καὶ
350 1839 596 1892 παράδειγμα
622 1837 815 1886 ποιήσατε
837 1840 919 1878 τοῖς
946 1837 1096 1877 ἄλλοις.
1607 1851 1645 1881 25

322 1905 461 1956 ’Ἄξιον
487 1905 518 1945 δ’
540 1905 664 1953 ἐστίν,
688 1902 717 1943 ῶ
742 1904 878 1956 ἄνδρες
897 1903 1111 1953 Ἀθηναῖοι,
1136 1902 1197 1941 καὶ
1216 1904 1263 1941 τὰ
1281 1900 1387 1941 λοίπ’
1408 1901 1584 1940 ἀκοῦσαι·

261 1977 399 2013 δεινῶν
436 1975 511 2025 γὰρ
549 1974 686 2016 ὄντων,
726 1971 771 2010 οὐ
811 1973 883 2021 μὲν
925 1970 992 2009 οὖν
1035 1970 1209 2021 ἐχόντων
1249 1965 1491 2019 ὑπερβολήν,
1532 1967 1587 2005 ῶν

260 2039 447 2089 ἠκούσατ’
465 2039 548 2090 ἄρτι
568 2038 757 2090 λέγοντος
777 2037 1015 2088 Λυκούργου,
1036 2037 1084 2075 τὰ
1104 2034 1208 2075 λοίπ’
1226 2034 1420 2084 ἐνάμιλλα
1437 2033 1587 2074 τούτοις

304 2161 322 2186 4
349 2150 413 2180 οὐδ’
432 2150 469 2180 διν
488 2159 552 2179 Om.
574 2147 597 2178 S
615 2149 707 2178 Solus
862 2148 883 2176 6
906 2147 966 2183 τὴν
984 2147 1093 2186 ψυχὴν
1110 2145 1139 2174 Α
1154 2144 1219 2174 FO
1367 2154 1389 2183 9
1413 2142 1496 2183 ἔχιςἿ
1516 2143 1586 2181 ὄφις

261 2192 291 2223 Α
305 2193 329 2222 F
347 2198 379 2223 et
399 2193 579 2222 Minucian.
599 2192 663 2221 Rh.
681 2191 738 2221 Gr.
756 2191 789 2220 ix
807 2191 883 2229 604,
900 2190 1067 2228 Harpocr.
1084 2199 1109 2218 s.
1125 2199 1156 2218 v.
1171 2189 1286 2228 Ἀργᾶς
1380 2196 1413 2216 11
1436 2186 1585 2227 πράξεται

262 2236 288 2266 F
432 2237 469 2265 18
494 2235 566 2266 οὐδὲ
583 2238 649 2266 τῶν
667 2234 715 2273 ἐν]
735 2236 920 2265 οὐδενωνειν
939 2232 976 2262 Sl
996 2237 1031 2262 ut
1048 2233 1183 2262 videtur
1328 2239 1366 2268 19
1388 2231 1466 2261 ’ίλεω
1483 2229 1506 2259 S
1520 2229 1544 2258 F
1557 2229 1584 2258 Y

261 2290 304 2309 22
327 2281 345 2317 ἢ
365 2279 499 2309 Dobree
522 2280 617 2317 (noto
640 2277 843 2316 compendio
868 2287 928 2315 pro
954 2278 992 2307 ὡς
1019 2275 1115 2305 facile
1142 2284 1215 2304 cum
1241 2287 1261 2311 η
1287 2273 1464 2312 confuso):
1497 2274 1536 2304 ὡς
1561 2272 1585 2301 S

262 2323 349 2361 vulg.
371 2334 376 2351 .-
402 2323 508 2361 ὥσπερ
524 2322 574 2352 Α;
600 2320 642 2352 ὧν
662 2321 849 2351 Schaeser:
873 2321 893 2357 ἢ
911 2319 1013 2360 ὧνπερ
1030 2319 1117 2348 coni.
1141 2318 1273 2348 Dobree
1439 2326 1480 2354 24
1505 2318 1585 2347 δῶτε

262 2366 351 2403 vulg.
371 2377 377 2395 ε
403 2365 477 2396 δότε
496 2365 519 2395 S
532 2365 563 2395 A
713 2375 753 2402 25
777 2364 953 2401 ποιήσασθε
973 2362 996 2392 S
1009 2362 1038 2392 Y
1051 2361 1081 2392 Ο
1232 2371 1271 2399 27
1297 2363 1332 2392 οὐ
1349 2359 1408 2399 μὲν
1423 2359 1478 2391 οὖν
1493 2357 1582 2397 vulg.

264 2409 287 2439 S
303 2423 368 2450 Ὑρ.,
388 2409 426 2438 cs.
448 2409 527 2438 xviii
545 2410 628 2447 316:
657 2409 706 2439 καὶ
727 2411 781 2439 οὐκ
800 2408 822 2436 S
