1737 2734
101 107 217 161 μω]

97 340 215 395 mm]

153 424 214 448 122

148 1422 210 1454 124

144 1886 205 1922 125

669 109 1153 147 ΔΗΜΟΣΘΕΝΟΎΣ
1502 106 1570 160 kx

1462 210 1476 224 ,x

247 214 324 251 τῶν
363 211 490 250 αὐτῶν
529 209 692 260 ἀξιώσει
730 214 812 252 τοῖς
852 212 897 249 τὰ
935 210 1092 262 μέγιστ’
1130 211 1418 264 εὐεργετοῦσιν,
1459 229 1483 262 η
1519 214 1572 263 μὴ

247 281 360 317 τοῦτο
385 280 552 317 ποιοῦσα
577 276 692 329 χάριν
712 277 818 316 τισὶν
843 277 910 316 οὐκ
935 278 1148 318 ἀποδώσει.
1200 278 1386 329 μεγάλων
1410 281 1482 329 μὲν
1506 280 1573 320 οὖν

248 344 484 395 εὐεργεσιῶν
508 343 589 383 οὔθ’
610 344 698 393 ὑμῖν
724 343 919 395 συμφέρει
946 346 1183 393 συμβαίνειν
1203 345 1397 387 πολλάκις
1423 347 1571 397 καιρόν,

247 410 326 449 οὔτ’
352 411 448 450 ἴσως
476 407 611 463 ῥᾴδιον
640 409 749 463 αἰτίῳ
780 409 981 461 γενέσθαι·
1018 412 1187 462 μετρίων
1216 413 1256 451 δὲ
1287 412 1349 451 καὶ
1378 412 1432 452 ὧν
1456 411 1504 452 ἂν
1531 414 1572 452 ἐν

248 475 382 531 εἰρήνῃ
394 492 451 516 τις
465 477 526 516 καὶ
540 477 720 529 πολιτείᾳ
736 475 881 516 δύναιτ’
898 475 1121 528 ἐφικέσθαι,
1132 477 1296 522 εὐνοίας,
1308 478 1571 528 δικαιοσύνης,

247 543 487 593 ἐπιμελείας,
514 546 591 582 τῶν
624 543 825 588 τοιούτων,
854 543 917 582 καὶ
951 542 1170 595 συμφέρειν
1204 543 1336 596 ἔμοιγε
1371 547 1480 584 δοκεῖ
1511 546 1573 585 καὶ

248 611 391 660 χρῆναι
415 609 564 648 διδόναι
588 610 657 650 τὰς
676 608 801 658 τιμάς.
865 612 926 649 δεῖ
941 610 1073 649 τοίνυν
1091 612 1327 661 μεμερίσθαι
1346 611 1408 651 καὶ
1427 613 1476 651 τὰ
1495 615 1574 652 τῶν

247 678 431 725 δωρειῶν,
458 674 506 715 ἵν’
525 675 570 725 ἧς
594 674 642 715 ἂν
666 674 775 725 ἄξιος
801 674 853 715 ὣν
880 676 1047 717 ἕκαστος
1072 677 1272 728 φαίνηται,
1299 677 1442 727 ταύτην
1469 680 1573 729 παρὰ

247 745 313 781 τοῦ
337 740 460 792 δήμου
478 741 669 797 λαμβάνῃ
689 741 761 791 τὴν
780 742 957 793 δωρειάν.
1013 743 1119 782 ἀλλὰ
1142 743 1219 793 μὴν
1239 744 1335 794 ὑπὲρ
1353 744 1407 783 ὧν
1427 761 1472 795 γε
1490 748 1573 786 τοῖς

247 807 472 860 εὑρημένοις
497 810 567 849 τὰς
596 810 709 858 τιμὰς
739 809 989 849 καταλείπειν
1016 808 1152 861 φήσει,
1179 811 1215 849 οἱ
1243 812 1316 859 μὲν
1340 811 1447 850 ἁπλᾶ
1473 810 1574 851 πάνυ

247 875 309 914 καὶ
334 874 448 914 δίκαι’
467 874 516 915 ἂν
536 876 697 920 εἴποιεν,
719 874 835 915 πάνθ’
856 877 933 915 ὅσα
952 879 1030 916 τῶν
1049 877 1176 916 αὐτῶν
1197 875 1297 916 ἕνεκ’
1317 877 1448 917 αὐτοῖς
1473 877 1573 917 ἔδοτ’

245 941 482 993 εὐεργεσιῶν
514 941 713 992 ἀξιοῦντες
744 941 866 995 ἔχειν,
893 944 929 982 οἱ
959 945 999 982 δὲ
1026 943 1251 993 φενακίζειν
1276 942 1344 983 τὸν
1374 942 1425 984 ὡς
1455 960 1570 984 κατα-

243 1009 424 1048 λείπεται
456 1007 628 1059 λέγοντά
657 1026 694 1048 τι
727 1008 870 1050 αὐτοῖς.
943 1010 962 1048 ὁ
994 1011 1067 1060 γὰρ
1096 1009 1186 1060 ἄξια
1216 1011 1284 1059 τῆς
1317 1010 1499 1052 ἀτελείας
1531 1010 1573 1051 εὖ

244 1074 499 1124 πεποιηκέναι
528 1074 645 1125 δόξας
675 1076 737 1115 καὶ
766 1075 910 1125 ταύτην
936 1075 1026 1127 παρ’
1050 1077 1157 1126 ὑμῶν
1186 1077 1328 1126 λαβὼν
1357 1075 1429 1126 τὴν
1457 1076 1573 1127 τιμὴν

243 1142 381 1191 μόνην,
410 1138 432 1191 ἦ
458 1141 569 1192 ξένος
596 1139 616 1191 ἦ
645 1142 710 1181 καί
732 1158 790 1183 τις
816 1143 992 1192 πολίτης,
1015 1144 1173 1183 ἐπειδὰν
1199 1143 1395 1200 ἀφαιρεθῇ
1412 1143 1570 1193 ταύτην,

244 1207 316 1247 τίν’
349 1209 434 1261 ἔχει
470 1208 616 1258 λοιπὴν
649 1208 825 1260 δωρειάν,
862 1210 1055 1258 Λεπτίνῃ·
1093 1209 1277 1260 οὐδεμίαν
1313 1208 1449 1259 δήπου.
1519 1210 1571 1260 μὴ

244 1276 375 1315 τοίνυν
409 1277 471 1315 διὰ
503 1277 576 1325 μὲν
605 1279 672 1315 τοῦ
704 1278 827 1315 τῶνδε
862 1280 1092 1328 κατηγορεῖν
1123 1276 1174 1318 ὡς
1203 1277 1371 1328 φαύλων
1400 1277 1572 1318 ἐκείνους

244 1342 427 1394 ἀφαιροῦ,
459 1341 508 1381 δι’
533 1342 557 1381 ἃ
587 1342 620 1381 δ’
646 1342 693 1382 αὖ
725 1344 977 1383 καταλείπειν
1008 1344 1169 1385 ἐκείνοις
1199 1342 1357 1396 φήσεις,
1389 1343 1524 1383 τούσδ’
1552 1343 1572 1383 ὃ

241 1409 364 1458 μόνον
389 1409 587 1453 λαβόντες
612 1409 764 1462 ἔχουσι,
791 1409 894 1448 τοῦτ’
920 1409 1067 1466 ἀφέλῃ.
1139 1410 1189 1452 ὡς
1214 1410 1246 1450 δ’
1271 1412 1407 1452 ἁπλῶς
1432 1411 1569 1455 εἰπεῖν,

242 1475 323 1520 οὐκ,
357 1477 390 1515 εἰ
419 1479 496 1515 τῶν
526 1475 685 1515 πάντων
715 1475 956 1526 ἀδικήσομέν
985 1476 1059 1516 τιν’
1086 1474 1107 1526 ἦ
1137 1476 1283 1527 μείζον’
1307 1474 1330 1526 ἦ
1362 1476 1570 1523 ἐλάττονα,

242 1542 370 1582 δεινόν
401 1543 525 1587 ἐστιν,
558 1542 649 1582 ἀλλ’
676 1544 709 1582 εἰ
738 1545 807 1584 τὰς
835 1542 962 1593 τιμάς,
994 1544 1054 1585 αἷς
1083 1544 1132 1584 ἂν
1161 1544 1244 1584 ἀντ’
1270 1545 1311 1584 εὖ
1340 1543 1571 1594 ποιήσωμέν

241 1625 362 1654 τινας,
384 1609 575 1651 ἀπίστους
594 1608 914 1660 καταστήσομεν·
948 1610 1026 1650 οὐδ’
1048 1611 1067 1650 ὁ
1088 1615 1278 1652 πλεῖστος
1298 1610 1431 1662 ἔμοιγε
1450 1611 1571 1663 λόγος

242 1675 329 1726 περὶ
362 1677 431 1725 τῆς
463 1677 644 1717 ἀτελείας
677 1677 799 1721 ἐστίν,
831 1676 924 1716 ἀλλ’
954 1678 1052 1728 ὑπὲρ
1081 1681 1149 1717 τοῦ
1182 1681 1354 1729 πονηρὸν
1383 1678 1471 1719 ἔθος
1503 1681 1572 1718 τὸν

241 1743 362 1791 νόμον
387 1742 565 1794 εἰσάγειν
590 1744 652 1783 καὶ
678 1746 855 1783 τοιοῦτον
880 1743 928 1784 δι’
948 1744 992 1784 οὗ
1018 1743 1131 1784 πάντ’
1157 1744 1292 1784 ἄπισθ’
1317 1743 1381 1784 ὅσ’
1406 1745 1426 1784 ὁ
1451 1747 1571 1795 δῆμος

239 1810 401 1849 δίδωσιν
426 1809 553 1849 ἔσται.

300 1874 379 1915 “Otr
396 1877 526 1916 τοίνυν
548 1877 862 1928 κακουργότατον
881 1879 1029 1918 οἴονται
1050 1878 1172 1929 λόγον
1188 1878 1390 1930 εὑρηκέναι
1408 1877 1506 1930 πρὸς
1525 1878 1570 1917 τὸ

239 1944 308 1984 τὰς
326 1943 507 1984 ἀτελείας
527 1944 625 1993 ὑμᾶς
644 1944 869 1995 ἀφελέσθαι
890 1949 1038 1990 πεῖσαι,
1060 1944 1225 1995 βέλτιόν
1246 1947 1332 1985 ἐστι
1352 1949 1567 1996 προειπεῖν,

238 2010 302 2048 ἵνα
326 2009 377 2059 μὴ
403 2009 543 2060 λάθητ’
570 2009 894 2060 ἐξαπατηθέντες.
956 2010 1086 2063 ἐροῦσ’
1107 2013 1167 2051 ὅτι
1192 2011 1298 2052 ταῦθ’
1319 2014 1433 2063 ἱερῶν
1459 2013 1569 2052 ἐστιν

239 2076 395 2116 ἅπαντα
430 2078 695 2128 τάναλώματα
733 2074 784 2128 [αἱ
821 2080 1007 2130 χορηγίαι
1051 2079 1113 2118 καὶ
1153 2080 1191 2118 αἱ
1229 2077 1567 2132 γυμι·ασιαρχίαι]·

283 2196 345 2225 4-5
375 2185 418 2218 ὧν
442 2189 480 2219 ἂν
507 2190 540 2219 ἐν
566 2213 571 2218 .
599 2211 605 2217 .
636 2211 642 2217 .
668 2187 789 2219 δύναιτ’
814 2188 844 2218 Α
867 2188 964 2219 vind.
996 2199 1032 2218 1:
1064 2188 1107 2219 ὧν
1136 2191 1169 2219 ἐν
1196 2213 1201 2219 .
1227 2212 1233 2218 .
1264 2212 1270 2217 .
1297 2188 1416 2220 δύναιτ’
1441 2190 1480 2220 ἂν
1505 2188 1567 2219 SL

239 2230 327 2267 vulg.
436 2241 473 2261 10
498 2232 707 2263 καταλείπειν
725 2231 748 2261 S
766 2230 851 2262 LA:
876 2234 1069 2263 καταλιπεῖν
1086 2232 1175 2269 vulg.
1266 2233 1366 2272 φησὶν
1382 2231 1412 2262 Α
1429 2233 1525 2262 Vind.
1554 2244 1564 2261 1

244 2283 279 2302 12
304 2275 536 2306 καταλείπεται
552 2275 574 2304 S
587 2274 616 2304 Α
633 2286 640 2304 :
665 2275 914 2306 καταλείπεσθαι
932 2275 956 2305 L
969 2275 997 2305 Y
1012 2275 1035 2305 F
1047 2275 1077 2306 O
1094 2275 1207 2313 (Blass
1224 2275 1349 2305 omisso
1367 2277 1407 2307 ὡς
1424 2285 1497 2305 cum
1518 2275 1564 2311 X)

243 2317 279 2345 16
304 2317 403 2354 δήπου
421 2327 486 2347 om.
509 2318 532 2347 S
550 2318 640 2348 solus
822 2319 858 2347 18
883 2319 1092 2350 καταλείπειν
1109 2319 1132 2348 S
1147 2319 1179 2348 L'
1193 2318 1242 2348 A:
1268 2321 1459 2350 καταλιπεῖν
1475 2320 1564 2357 vulg.

240 2370 281 2389 20
306 2362 324 2397 ὴ
342 2366 419 2390 ante
435 2360 565 2399 μείζονα
583 2362 661 2391 add.
679 2362 731 2392 A:
756 2372 821 2392 om.
842 2362 864 2391 S
881 2362 904 2391 L
919 2362 943 2391 F
957 2362 984 2391 Y
998 2362 1027 2392 O
1199 2371 1240 2400 23
1263 2363 1307 2400 μὴ
1326 2368 1400 2401 post
1417 2364 1474 2393 τοῦ
1490 2363 1563 2392 add.

243 2403 265 2432 L
284 2404 371 2441 vulg.
391 2416 396 2433 :
422 2414 485 2434 om.
508 2404 531 2434 S
547 2405 573 2434 Y
587 2405 616 2434 O
633 2405 657 2434 P
791 2415 833 2444 29
858 2406 889 2436 αἱ
905 2428 912 2435 .
933 2430 939 2436 ,
961 2430 966 2436 .
987 2406 1238 2446 ’γυμνασιαρχίαι
1256 2406 1335 2436 secl.
1356 2405 1389 2436 F.
1413 2405 1452 2435 A.
1473 2404 1572 2436 Wolf

1597 821 1634 845 10

1596 1157 1630 1189 15

1595 1493 1630 1514 20

1592 1825 1628 1858 25
