<?xml version="1.0" encoding="UTF-8"?>
<!DOCTYPE html PUBLIC "-//W3C//DTD XHTML 1.0 Transitional//EN"
    "http://www.w3.org/TR/xhtml1/DTD/xhtml1-transitional.dtd">
<html xmlns="http://www.w3.org/1999/xhtml" xml:lang="en" lang="en">
 <head>
  <title>
</title>
<meta http-equiv="Content-Type" content="text/html;charset=utf-8" />
  <meta name='ocr-system' content='tesseract 3.04.00' />
  <meta name='ocr-capabilities' content='ocr_page ocr_carea ocr_par ocr_line ocrx_word'/>
</head>
<body>
  <div class='ocr_page' id='page_1' title='image "./p1orationesrecog02demouoft_0107.png"; bbox 0 0 1737 2734; ppageno 0'>
   <div class='ocr_carea' id='block_1_1' title="bbox 0 1929 9 2691">
    <p class='ocr_par' dir='ltr' id='par_1_1' title="bbox 0 1929 9 2691">
     <span class='ocr_line' id='line_1_1' title="bbox 0 1929 9 2691; baseline 0 0"><span class='ocrx_word' id='word_1_1' title='bbox 0 1929 9 2691; x_wconf 95' lang='lat' dir='ltr'> </span> 
     </span>
    </p>
   </div>
   <div class='ocr_carea' id='block_1_2' title="bbox 1 1929 8 2691">
    <p class='ocr_par' dir='ltr' id='par_1_2' title="bbox 1 1929 8 2691">
     <span class='ocr_line' id='line_1_2' title="bbox 1 1929 8 2691; baseline 0 0"><span class='ocrx_word' id='word_1_2' title='bbox 1 1929 8 2691; x_wconf 95' lang='lat' dir='ltr'> </span> 
     </span>
    </p>
   </div>
   <div class='ocr_carea' id='block_1_3' title="bbox 1 1929 8 2691">
    <p class='ocr_par' dir='ltr' id='par_1_3' title="bbox 1 1929 8 2691">
     <span class='ocr_line' id='line_1_3' title="bbox 1 1929 8 2691; baseline 0 0"><span class='ocrx_word' id='word_1_3' title='bbox 1 1929 8 2691; x_wconf 95' lang='lat' dir='ltr'> </span> 
     </span>
    </p>
   </div>
   <div class='ocr_carea' id='block_1_4' title="bbox 1 1929 8 2691">
    <p class='ocr_par' dir='ltr' id='par_1_4' title="bbox 1 1929 8 2691">
     <span class='ocr_line' id='line_1_4' title="bbox 1 1929 8 2691; baseline 0 0"><span class='ocrx_word' id='word_1_4' title='bbox 1 1929 8 2691; x_wconf 95' lang='lat' dir='ltr'> </span> 
     </span>
    </p>
   </div>
   <div class='ocr_carea' id='block_1_5' title="bbox 0 1929 9 2734">
    <p class='ocr_par' dir='ltr' id='par_1_5' title="bbox 0 1929 9 2734">
     <span class='ocr_line' id='line_1_5' title="bbox 0 1929 9 2734; baseline 0 0"><span class='ocrx_word' id='word_1_5' title='bbox 0 1929 9 2734; x_wconf 95' lang='lat' dir='ltr'> </span> 
     </span>
    </p>
   </div>
   <div class='ocr_carea' id='block_1_6' title="bbox 115 868 151 888">
    <p class='ocr_par' dir='ltr' id='par_1_6' title="bbox 115 868 151 888">
     <span class='ocr_line' id='line_1_6' title="bbox 115 868 151 888; baseline 0 0"><span class='ocrx_word' id='word_1_6' title='bbox 115 868 151 888; x_wconf 84' lang='lat'>10</span> 
     </span>
    </p>
   </div>
   <div class='ocr_carea' id='block_1_7' title="bbox 115 1536 152 1557">
    <p class='ocr_par' dir='ltr' id='par_1_7' title="bbox 115 1536 152 1557">
     <span class='ocr_line' id='line_1_7' title="bbox 115 1536 152 1557; baseline 0.027 -1"><span class='ocrx_word' id='word_1_7' title='bbox 115 1536 152 1557; x_wconf 88' lang='lat'>20</span> 
     </span>
    </p>
   </div>
   <div class='ocr_carea' id='block_1_8' title="bbox 172 145 1643 199">
    <p class='ocr_par' dir='ltr' id='par_1_8' title="bbox 172 145 1643 199">
     <span class='ocr_line' id='line_1_8' title="bbox 172 145 1643 199; baseline 0.007 -11"><span class='ocrx_word' id='word_1_8' title='bbox 172 147 258 199; x_wconf 64' lang='lat' dir='ltr'>m]</span> <span class='ocrx_word' id='word_1_9' title='bbox 596 150 755 186; x_wconf 78' lang='lat' dir='ltr'><strong>KATA</strong></span> <span class='ocrx_word' id='word_1_10' title='bbox 806 147 1079 185; x_wconf 72' lang='grc' dir='ltr'>ΜΕιΔιοτ</span> <span class='ocrx_word' id='word_1_11' title='bbox 1536 145 1643 199; x_wconf 79' lang='lat'>[555]</span> 
     </span>
    </p>
   </div>
   <div class='ocr_carea' id='block_1_9' title="bbox 169 249 1646 1843">
    <p class='ocr_par' dir='ltr' id='par_1_9' title="bbox 169 249 1646 638">
     <span class='ocr_line' id='line_1_9' title="bbox 169 249 1500 306; baseline -0.005 -12"><span class='ocrx_word' id='word_1_12' title='bbox 169 255 381 306; x_wconf 90' lang='grc' dir='ltr'>ὑβρίσθην,</span> <span class='ocrx_word' id='word_1_13' title='bbox 417 254 479 293; x_wconf 84' lang='grc' dir='ltr'>καὶ</span> <span class='ocrx_word' id='word_1_14' title='bbox 514 252 626 292; x_wconf 77' lang='grc' dir='ltr'>πάντ’</span> <span class='ocrx_word' id='word_1_15' title='bbox 660 252 1020 302; x_wconf 69' lang='grc' dir='ltr'>ἐπιβουλευόμενος</span> <span class='ocrx_word' id='word_1_16' title='bbox 1052 251 1199 302; x_wconf 88' lang='grc' dir='ltr'>τρόπον</span> <span class='ocrx_word' id='word_1_17' title='bbox 1233 251 1295 290; x_wconf 79' lang='grc' dir='ltr'>καὶ</span> <span class='ocrx_word' id='word_1_18' title='bbox 1331 249 1500 301; x_wconf 74' lang='grc' dir='ltr'>πάσχων</span> 
     </span>
     <span class='ocr_line' id='line_1_10' title="bbox 171 316 1646 372; baseline -0.002 -12"><span class='ocrx_word' id='word_1_19' title='bbox 171 325 296 362; x_wconf 80' lang='grc' dir='ltr'>κακῶς</span> <span class='ocrx_word' id='word_1_20' title='bbox 321 318 561 371; x_wconf 83' lang='grc' dir='ltr'>ἐκπέφευγα,</span> <span class='ocrx_word' id='word_1_21' title='bbox 585 318 780 369; x_wconf 82' lang='grc' dir='ltr'>ἀκηκόατ’,</span> <span class='ocrx_word' id='word_1_22' title='bbox 802 316 831 357; x_wconf 68' lang='grc' dir='ltr'><em>ὦ</em></span> <span class='ocrx_word' id='word_1_23' title='bbox 857 318 994 369; x_wconf 77' lang='grc' dir='ltr'>ἄνδρες</span> <span class='ocrx_word' id='word_1_24' title='bbox 1014 317 1229 367; x_wconf 81' lang='grc' dir='ltr'>Ἀθηναῖοι.</span> <span class='ocrx_word' id='word_1_25' title='bbox 1286 316 1348 356; x_wconf 81' lang='grc' dir='ltr'>καὶ</span> <span class='ocrx_word' id='word_1_26' title='bbox 1374 332 1497 367; x_wconf 87' lang='grc' dir='ltr'>παρα-</span> <span class='ocrx_word' id='word_1_27' title='bbox 1532 317 1646 372; x_wconf 78' lang='lat'>[556]</span> 
     </span>
     <span class='ocr_line' id='line_1_11' title="bbox 170 381 1500 439; baseline -0.003 -13"><span class='ocrx_word' id='word_1_28' title='bbox 170 389 294 428; x_wconf 89' lang='grc' dir='ltr'>λείπω</span> <span class='ocrx_word' id='word_1_29' title='bbox 320 390 360 427; x_wconf 84' lang='grc' dir='ltr'>δὲ</span> <span class='ocrx_word' id='word_1_30' title='bbox 387 385 532 426; x_wconf 81' lang='grc' dir='ltr'>πολλά·</span> <span class='ocrx_word' id='word_1_31' title='bbox 570 386 614 425; x_wconf 78' lang='grc' dir='ltr'>οὗ</span> <span class='ocrx_word' id='word_1_32' title='bbox 640 388 713 437; x_wconf 78' lang='grc' dir='ltr'>γὰρ</span> <span class='ocrx_word' id='word_1_33' title='bbox 740 387 836 426; x_wconf 83' lang='grc' dir='ltr'>ἴσως</span> <span class='ocrx_word' id='word_1_34' title='bbox 859 383 993 439; x_wconf 74' lang='grc' dir='ltr'>ῥᾴδιον</span> <span class='ocrx_word' id='word_1_35' title='bbox 1019 383 1131 424; x_wconf 83' lang='grc' dir='ltr'>πάντ’</span> <span class='ocrx_word' id='word_1_36' title='bbox 1159 385 1297 424; x_wconf 78' lang='grc' dir='ltr'>εἰπεῖν.</span> <span class='ocrx_word' id='word_1_37' title='bbox 1357 382 1442 435; x_wconf 81' lang='grc' dir='ltr'>ἔχει</span> <span class='ocrx_word' id='word_1_38' title='bbox 1467 381 1500 422; x_wconf 81' lang='grc' dir='ltr'>δ’</span> 
     </span>
     <span class='ocr_line' id='line_1_12' title="bbox 171 449 1502 506; baseline -0.002 -13"><span class='ocrx_word' id='word_1_39' title='bbox 171 456 303 494; x_wconf 80' lang='grc' dir='ltr'>οὕτως.</span> <span class='ocrx_word' id='word_1_40' title='bbox 377 454 445 494; x_wconf 77' lang='grc' dir='ltr'>οὐκ</span> <span class='ocrx_word' id='word_1_41' title='bbox 487 453 572 493; x_wconf 85' lang='grc' dir='ltr'>ἔστ’</span> <span class='ocrx_word' id='word_1_42' title='bbox 609 452 673 503; x_wconf 78' lang='grc' dir='ltr'>ἐφ’</span> <span class='ocrx_word' id='word_1_43' title='bbox 710 453 786 506; x_wconf 76' lang='grc' dir='ltr'>ὅτῳ</span> <span class='ocrx_word' id='word_1_44' title='bbox 824 456 902 492; x_wconf 88' lang='grc' dir='ltr'>τῶν</span> <span class='ocrx_word' id='word_1_45' title='bbox 937 449 1226 503; x_wconf 65' lang='grc' dir='ltr'>πεπραγμένων</span> <span class='ocrx_word' id='word_1_46' title='bbox 1263 450 1341 501; x_wconf 88' lang='grc' dir='ltr'>ἐγὼ</span> <span class='ocrx_word' id='word_1_47' title='bbox 1382 449 1502 500; x_wconf 89' lang='grc' dir='ltr'>μόνος</span> 
     </span>
     <span class='ocr_line' id='line_1_13' title="bbox 172 515 1502 570; baseline -0.002 -11"><span class='ocrx_word' id='word_1_48' title='bbox 172 521 366 570; x_wconf 75' lang='grc' dir='ltr'>ἠδίκημαι,</span> <span class='ocrx_word' id='word_1_49' title='bbox 406 519 497 559; x_wconf 84' lang='grc' dir='ltr'>ἀλλ’</span> <span class='ocrx_word' id='word_1_50' title='bbox 536 520 600 559; x_wconf 85' lang='grc' dir='ltr'>ἐπὶ</span> <span class='ocrx_word' id='word_1_51' title='bbox 637 522 709 570; x_wconf 82' lang='grc' dir='ltr'>μὲν</span> <span class='ocrx_word' id='word_1_52' title='bbox 745 522 826 559; x_wconf 85' lang='grc' dir='ltr'>τοῖς</span> <span class='ocrx_word' id='word_1_53' title='bbox 864 519 920 559; x_wconf 83' lang='grc' dir='ltr'>εἰς</span> <span class='ocrx_word' id='word_1_54' title='bbox 958 521 1026 557; x_wconf 86' lang='grc' dir='ltr'>τὸν</span> <span class='ocrx_word' id='word_1_55' title='bbox 1065 516 1187 570; x_wconf 81' lang='grc' dir='ltr'>χορὸν</span> <span class='ocrx_word' id='word_1_56' title='bbox 1226 515 1502 568; x_wconf 66' lang='grc' dir='ltr'>γεγενημένοις</span> 
     </span>
     <span class='ocr_line' id='line_1_14' title="bbox 171 584 1502 638; baseline -0.004 -11"><span class='ocrx_word' id='word_1_57' title='bbox 171 586 408 636; x_wconf 76' lang='grc' dir='ltr'>ἀδικήμασιν</span> <span class='ocrx_word' id='word_1_58' title='bbox 439 586 461 636; x_wconf 77' lang='grc' dir='ltr'>ἡ</span> <span class='ocrx_word' id='word_1_59' title='bbox 493 585 615 638; x_wconf 85' lang='grc' dir='ltr'>φυλή,</span> <span class='ocrx_word' id='word_1_60' title='bbox 647 584 810 625; x_wconf 81' lang='grc' dir='ltr'>δέκατον</span> <span class='ocrx_word' id='word_1_61' title='bbox 839 585 957 636; x_wconf 82' lang='grc' dir='ltr'>μέρος</span> <span class='ocrx_word' id='word_1_62' title='bbox 985 585 1105 635; x_wconf 83' lang='grc' dir='ltr'>ὑμῶν,</span> <span class='ocrx_word' id='word_1_63' title='bbox 1138 585 1406 634; x_wconf 83' lang='grc' dir='ltr'>συνηδίκηται,</span> <span class='ocrx_word' id='word_1_64' title='bbox 1440 584 1502 622; x_wconf 87' lang='grc' dir='ltr'>ἐπὶ</span> 
     </span>
    </p>

    <p class='ocr_par' dir='ltr' id='par_1_10' title="bbox 171 649 1505 839">
     <span class='ocr_line' id='line_1_15' title="bbox 172 649 1502 705; baseline -0.002 -11"><span class='ocrx_word' id='word_1_65' title='bbox 172 653 204 694; x_wconf 84' lang='grc' dir='ltr'>δ’</span> <span class='ocrx_word' id='word_1_66' title='bbox 238 654 295 694; x_wconf 71' lang='grc' dir='ltr'>οἷς</span> <span class='ocrx_word' id='word_1_67' title='bbox 332 653 390 702; x_wconf 79' lang='grc' dir='ltr'>ἔμ’</span> <span class='ocrx_word' id='word_1_68' title='bbox 415 655 559 705; x_wconf 72' lang='grc' dir='ltr'>ὕβρισε</span> <span class='ocrx_word' id='word_1_69' title='bbox 597 652 660 692; x_wconf 83' lang='grc' dir='ltr'>καὶ</span> <span class='ocrx_word' id='word_1_70' title='bbox 696 652 995 702; x_wconf 78' lang='grc' dir='ltr'>ἐπεβούλευσεν</span> <span class='ocrx_word' id='word_1_71' title='bbox 1029 653 1065 691; x_wconf 80' lang='grc' dir='ltr'>οἱ</span> <span class='ocrx_word' id='word_1_72' title='bbox 1103 651 1227 701; x_wconf 83' lang='grc' dir='ltr'>νόμοι,</span> <span class='ocrx_word' id='word_1_73' title='bbox 1263 649 1312 690; x_wconf 81' lang='grc' dir='ltr'>δι’</span> <span class='ocrx_word' id='word_1_74' title='bbox 1345 650 1410 690; x_wconf 77' lang='grc' dir='ltr'>οὓς</span> <span class='ocrx_word' id='word_1_75' title='bbox 1449 651 1502 691; x_wconf 80' lang='grc' dir='ltr'>εἶς</span> 
     </span>
     <span class='ocr_line' id='line_1_16' title="bbox 172 715 1505 771; baseline -0.002 -11"><span class='ocrx_word' id='word_1_76' title='bbox 172 721 339 760; x_wconf 82' lang='grc' dir='ltr'>ἕκαστος</span> <span class='ocrx_word' id='word_1_77' title='bbox 371 721 478 770; x_wconf 86' lang='grc' dir='ltr'>ὑμῶν</span> <span class='ocrx_word' id='word_1_78' title='bbox 504 724 586 761; x_wconf 82' lang='grc' dir='ltr'>σῶς</span> <span class='ocrx_word' id='word_1_79' title='bbox 619 721 745 760; x_wconf 86' lang='grc' dir='ltr'>ἐστιν·</span> <span class='ocrx_word' id='word_1_80' title='bbox 781 718 847 771; x_wconf 83' lang='grc' dir='ltr'>ἐφ’</span> <span class='ocrx_word' id='word_1_81' title='bbox 876 719 1003 759; x_wconf 78' lang='grc' dir='ltr'>ἅπασι</span> <span class='ocrx_word' id='word_1_82' title='bbox 1036 720 1077 758; x_wconf 85' lang='grc' dir='ltr'>δὲ</span> <span class='ocrx_word' id='word_1_83' title='bbox 1110 717 1263 758; x_wconf 84' lang='grc' dir='ltr'>τούτοις</span> <span class='ocrx_word' id='word_1_84' title='bbox 1295 717 1315 756; x_wconf 91' lang='grc' dir='ltr'>ὁ</span> <span class='ocrx_word' id='word_1_85' title='bbox 1350 717 1448 762; x_wconf 83' lang='grc' dir='ltr'>θεός,</span> <span class='ocrx_word' id='word_1_86' title='bbox 1477 715 1505 770; x_wconf 78' lang='grc' dir='ltr'>ᾧ</span> 
     </span>
     <span class='ocr_line' id='line_1_17' title="bbox 171 783 1500 839; baseline -0.002 -13"><span class='ocrx_word' id='word_1_87' title='bbox 171 787 344 839; x_wconf 79' lang='grc' dir='ltr'>χορηγὸς</span> <span class='ocrx_word' id='word_1_88' title='bbox 368 788 447 839; x_wconf 83' lang='grc' dir='ltr'>ἐγὼ</span> <span class='ocrx_word' id='word_1_89' title='bbox 475 785 761 836; x_wconf 81' lang='grc' dir='ltr'>καθειστήκειν,</span> <span class='ocrx_word' id='word_1_90' title='bbox 785 786 846 826; x_wconf 80' lang='grc' dir='ltr'>καὶ</span> <span class='ocrx_word' id='word_1_91' title='bbox 871 785 915 825; x_wconf 82' lang='grc' dir='ltr'>τὸ</span> <span class='ocrx_word' id='word_1_92' title='bbox 935 787 1002 835; x_wconf 83' lang='grc' dir='ltr'>τῆς</span> <span class='ocrx_word' id='word_1_93' title='bbox 1029 785 1155 830; x_wconf 81' lang='grc' dir='ltr'>ὁσίας,</span> <span class='ocrx_word' id='word_1_94' title='bbox 1180 783 1379 834; x_wconf 82' lang='grc' dir='ltr'>ὁτιδήποτ’</span> <span class='ocrx_word' id='word_1_95' title='bbox 1399 785 1500 828; x_wconf 87' lang='grc' dir='ltr'>ἐστί,</span> 
     </span>
    </p>

    <p class='ocr_par' dir='ltr' id='par_1_11' title="bbox 171 850 1601 1172">
     <span class='ocr_line' id='line_1_18' title="bbox 171 850 1601 904; baseline -0.002 -11"><span class='ocrx_word' id='word_1_96' title='bbox 171 858 214 893; x_wconf 83' lang='grc' dir='ltr'>τὸ</span> <span class='ocrx_word' id='word_1_97' title='bbox 247 853 396 904; x_wconf 79' lang='grc' dir='ltr'>σεμνὸν</span> <span class='ocrx_word' id='word_1_98' title='bbox 427 854 488 893; x_wconf 82' lang='grc' dir='ltr'>καὶ</span> <span class='ocrx_word' id='word_1_99' title='bbox 514 853 559 893; x_wconf 86' lang='grc' dir='ltr'>τὸ</span> <span class='ocrx_word' id='word_1_100' title='bbox 583 853 787 903; x_wconf 83' lang='grc' dir='ltr'>δαιμόνιον</span> <span class='ocrx_word' id='word_1_101' title='bbox 811 850 1108 903; x_wconf 66' lang='grc' dir='ltr'>[συνηδίκηται].</span> <span class='ocrx_word' id='word_1_102' title='bbox 1182 854 1242 891; x_wconf 87' lang='grc' dir='ltr'>δεῖ</span> <span class='ocrx_word' id='word_1_103' title='bbox 1270 851 1316 900; x_wconf 72' lang='grc' dir='ltr'>δὴ</span> <span class='ocrx_word' id='word_1_104' title='bbox 1342 851 1432 892; x_wconf 89' lang='grc' dir='ltr'>τούς</span> <span class='ocrx_word' id='word_1_105' title='bbox 1458 867 1502 902; x_wconf 84' lang='grc' dir='ltr'>γε</span> <span class='ocrx_word' id='word_1_106' title='bbox 1538 867 1601 900; x_wconf 86' lang='lat'>127</span> 
     </span>
     <span class='ocr_line' id='line_1_19' title="bbox 171 917 1502 972; baseline -0.002 -13"><span class='ocrx_word' id='word_1_107' title='bbox 171 920 443 970; x_wconf 79' lang='grc' dir='ltr'>βουλομένους</span> <span class='ocrx_word' id='word_1_108' title='bbox 473 921 597 972; x_wconf 84' lang='grc' dir='ltr'>ὀρθῶς</span> <span class='ocrx_word' id='word_1_109' title='bbox 626 919 697 970; x_wconf 72' lang='grc' dir='ltr'>τὴν</span> <span class='ocrx_word' id='word_1_110' title='bbox 727 920 809 959; x_wconf 84' lang='grc' dir='ltr'>κατ’</span> <span class='ocrx_word' id='word_1_111' title='bbox 835 918 950 969; x_wconf 80' lang='grc' dir='ltr'>ἀξίαν</span> <span class='ocrx_word' id='word_1_112' title='bbox 975 923 1053 959; x_wconf 83' lang='grc' dir='ltr'>τῶν</span> <span class='ocrx_word' id='word_1_113' title='bbox 1082 917 1370 969; x_wconf 83' lang='grc' dir='ltr'>πεπραγμένων</span> <span class='ocrx_word' id='word_1_114' title='bbox 1397 919 1502 969; x_wconf 83' lang='grc' dir='ltr'>παρὰ</span> 
     </span>
     <span class='ocr_line' id='line_1_20' title="bbox 172 986 1503 1039; baseline -0.002 -13"><span class='ocrx_word' id='word_1_115' title='bbox 172 988 311 1027; x_wconf 82' lang='grc' dir='ltr'>τούτου</span> <span class='ocrx_word' id='word_1_116' title='bbox 335 988 445 1037; x_wconf 88' lang='grc' dir='ltr'>δίκην</span> <span class='ocrx_word' id='word_1_117' title='bbox 470 987 706 1038; x_wconf 76' lang='grc' dir='ltr'>λαμβάνειν,</span> <span class='ocrx_word' id='word_1_118' title='bbox 733 987 806 1039; x_wconf 80' lang='grc' dir='ltr'>οὐχ</span> <span class='ocrx_word' id='word_1_119' title='bbox 837 987 887 1028; x_wconf 82' lang='grc' dir='ltr'>ὡς</span> <span class='ocrx_word' id='word_1_120' title='bbox 912 987 1008 1037; x_wconf 80' lang='grc' dir='ltr'>ὑπὲρ</span> <span class='ocrx_word' id='word_1_121' title='bbox 1032 987 1127 1036; x_wconf 86' lang='grc' dir='ltr'>ἐμοῦ</span> <span class='ocrx_word' id='word_1_122' title='bbox 1150 986 1273 1036; x_wconf 89' lang='grc' dir='ltr'>μόνον</span> <span class='ocrx_word' id='word_1_123' title='bbox 1297 986 1411 1025; x_wconf 82' lang='grc' dir='ltr'>ὄντος</span> <span class='ocrx_word' id='word_1_124' title='bbox 1436 987 1503 1023; x_wconf 90' lang='grc' dir='ltr'>τοῦ</span> 
     </span>
     <span class='ocr_line' id='line_1_21' title="bbox 171 1052 1503 1107; baseline -0.002 -14"><span class='ocrx_word' id='word_1_125' title='bbox 171 1055 297 1106; x_wconf 84' lang='grc' dir='ltr'>λόγου</span> <span class='ocrx_word' id='word_1_126' title='bbox 326 1054 396 1103; x_wconf 75' lang='grc' dir='ltr'>τὴν</span> <span class='ocrx_word' id='word_1_127' title='bbox 426 1054 548 1106; x_wconf 73' lang='grc' dir='ltr'>ὀργὴν</span> <span class='ocrx_word' id='word_1_128' title='bbox 579 1055 699 1107; x_wconf 67' lang='grc' dir='ltr'>ἔχειν,</span> <span class='ocrx_word' id='word_1_129' title='bbox 729 1054 820 1094; x_wconf 83' lang='grc' dir='ltr'>ἀλλ’</span> <span class='ocrx_word' id='word_1_130' title='bbox 847 1054 897 1095; x_wconf 85' lang='grc' dir='ltr'>ὡς</span> <span class='ocrx_word' id='word_1_131' title='bbox 927 1055 969 1093; x_wconf 79' lang='grc' dir='ltr'>ἐν</span> <span class='ocrx_word' id='word_1_132' title='bbox 999 1053 1124 1107; x_wconf 75' lang='grc' dir='ltr'>ταύτῷ</span> <span class='ocrx_word' id='word_1_133' title='bbox 1155 1055 1233 1091; x_wconf 84' lang='grc' dir='ltr'>τῶν</span> <span class='ocrx_word' id='word_1_134' title='bbox 1263 1052 1408 1101; x_wconf 88' lang='grc' dir='ltr'>νόμων,</span> <span class='ocrx_word' id='word_1_135' title='bbox 1435 1054 1503 1091; x_wconf 89' lang='grc' dir='ltr'>τοῦ</span> 
     </span>
     <span class='ocr_line' id='line_1_22' title="bbox 173 1119 1503 1172; baseline -0.004 -11"><span class='ocrx_word' id='word_1_136' title='bbox 173 1123 275 1167; x_wconf 82' lang='grc' dir='ltr'>θεοῦ,</span> <span class='ocrx_word' id='word_1_137' title='bbox 304 1124 372 1171; x_wconf 83' lang='grc' dir='ltr'>τῆς</span> <span class='ocrx_word' id='word_1_138' title='bbox 398 1122 565 1165; x_wconf 83' lang='grc' dir='ltr'>πόλεως,</span> <span class='ocrx_word' id='word_1_139' title='bbox 593 1122 689 1172; x_wconf 86' lang='grc' dir='ltr'>ὁμοῦ</span> <span class='ocrx_word' id='word_1_140' title='bbox 714 1120 873 1161; x_wconf 79' lang='grc' dir='ltr'>πάντων</span> <span class='ocrx_word' id='word_1_141' title='bbox 897 1119 1153 1170; x_wconf 83' lang='grc' dir='ltr'>ἠδικημένων,</span> <span class='ocrx_word' id='word_1_142' title='bbox 1175 1119 1275 1158; x_wconf 80' lang='grc' dir='ltr'>οὕτω</span> <span class='ocrx_word' id='word_1_143' title='bbox 1301 1120 1503 1157; x_wconf 84' lang='grc' dir='ltr'>ποιεῖσθαι</span> 
     </span>
    </p>

    <p class='ocr_par' dir='ltr' id='par_1_12' title="bbox 172 1184 1503 1376">
     <span class='ocr_line' id='line_1_23' title="bbox 172 1184 1500 1239; baseline -0.003 -12"><span class='ocrx_word' id='word_1_144' title='bbox 172 1188 243 1237; x_wconf 79' lang='grc' dir='ltr'>τὴν</span> <span class='ocrx_word' id='word_1_145' title='bbox 269 1189 470 1239; x_wconf 85' lang='grc' dir='ltr'>τιμωρίαν,</span> <span class='ocrx_word' id='word_1_146' title='bbox 499 1189 562 1228; x_wconf 81' lang='grc' dir='ltr'>καὶ</span> <span class='ocrx_word' id='word_1_147' title='bbox 587 1188 677 1229; x_wconf 82' lang='grc' dir='ltr'>τοὺς</span> <span class='ocrx_word' id='word_1_148' title='bbox 704 1190 950 1238; x_wconf 77' lang='grc' dir='ltr'>βοηθοῦντας</span> <span class='ocrx_word' id='word_1_149' title='bbox 982 1187 1043 1226; x_wconf 80' lang='grc' dir='ltr'>καὶ</span> <span class='ocrx_word' id='word_1_150' title='bbox 1072 1186 1162 1227; x_wconf 75' lang='grc' dir='ltr'>τοὺς</span> <span class='ocrx_word' id='word_1_151' title='bbox 1195 1184 1500 1234; x_wconf 80' lang='grc' dir='ltr'>συνεξεταζομέ-</span> 
     </span>
     <span class='ocr_line' id='line_1_24' title="bbox 173 1252 1503 1306; baseline -0.002 -11"><span class='ocrx_word' id='word_1_152' title='bbox 173 1272 261 1296; x_wconf 87' lang='grc' dir='ltr'>νους</span> <span class='ocrx_word' id='word_1_153' title='bbox 285 1257 383 1305; x_wconf 79' lang='grc' dir='ltr'>μετὰ</span> <span class='ocrx_word' id='word_1_154' title='bbox 402 1255 541 1295; x_wconf 88' lang='grc' dir='ltr'>τούτου</span> <span class='ocrx_word' id='word_1_155' title='bbox 561 1255 613 1306; x_wconf 75' lang='grc' dir='ltr'>μὴ</span> <span class='ocrx_word' id='word_1_156' title='bbox 634 1255 876 1306; x_wconf 85' lang='grc' dir='ltr'>συνηγόρους</span> <span class='ocrx_word' id='word_1_157' title='bbox 900 1254 1032 1304; x_wconf 85' lang='grc' dir='ltr'>μόνον,</span> <span class='ocrx_word' id='word_1_158' title='bbox 1053 1253 1159 1292; x_wconf 80' lang='grc' dir='ltr'>ἀλλὰ</span> <span class='ocrx_word' id='word_1_159' title='bbox 1181 1252 1242 1292; x_wconf 80' lang='grc' dir='ltr'>καὶ</span> <span class='ocrx_word' id='word_1_160' title='bbox 1262 1253 1503 1302; x_wconf 80' lang='grc' dir='ltr'>δοκιμαστὰς</span> 
     </span>
     <span class='ocr_line' id='line_1_25' title="bbox 172 1319 1165 1376; baseline -0.002 -15"><span class='ocrx_word' id='word_1_161' title='bbox 172 1326 251 1362; x_wconf 85' lang='grc' dir='ltr'>τῶν</span> <span class='ocrx_word' id='word_1_162' title='bbox 269 1322 392 1376; x_wconf 78' lang='grc' dir='ltr'>τούτῳ</span> <span class='ocrx_word' id='word_1_163' title='bbox 419 1321 707 1373; x_wconf 87' lang='grc' dir='ltr'>πεπραγμένων</span> <span class='ocrx_word' id='word_1_164' title='bbox 727 1320 1025 1371; x_wconf 75' lang='grc' dir='ltr'>ὑπολαμβάνετ’</span> <span class='ocrx_word' id='word_1_165' title='bbox 1051 1319 1165 1360; x_wconf 76' lang='grc' dir='ltr'>εἶναι.</span> 
     </span>
    </p>

    <p class='ocr_par' dir='ltr' id='par_1_13' title="bbox 171 1385 1601 1843">
     <span class='ocr_line' id='line_1_26' title="bbox 243 1385 1600 1440; baseline -0.002 -12"><span class='ocrx_word' id='word_1_166' title='bbox 243 1390 290 1429; x_wconf 80' lang='grc' dir='ltr'>Εἰ</span> <span class='ocrx_word' id='word_1_167' title='bbox 316 1391 388 1439; x_wconf 83' lang='grc' dir='ltr'>μὲν</span> <span class='ocrx_word' id='word_1_168' title='bbox 412 1389 558 1433; x_wconf 89' lang='grc' dir='ltr'>τοίνυν,</span> <span class='ocrx_word' id='word_1_169' title='bbox 586 1386 615 1427; x_wconf 62' lang='lat' dir='ltr'>[Z</span> <span class='ocrx_word' id='word_1_170' title='bbox 641 1388 778 1440; x_wconf 82' lang='grc' dir='ltr'>ἄνδρες</span> <span class='ocrx_word' id='word_1_171' title='bbox 799 1387 1014 1437; x_wconf 84' lang='grc' dir='ltr'>Ἀθηναῖοι,</span> <span class='ocrx_word' id='word_1_172' title='bbox 1037 1387 1229 1438; x_wconf 86' lang='grc' dir='ltr'>σώφρονα</span> <span class='ocrx_word' id='word_1_173' title='bbox 1256 1386 1317 1426; x_wconf 86' lang='grc' dir='ltr'>καὶ</span> <span class='ocrx_word' id='word_1_174' title='bbox 1342 1385 1502 1437; x_wconf 90' lang='grc' dir='ltr'>μέτριον</span> <span class='ocrx_word' id='word_1_175' title='bbox 1537 1391 1600 1425; x_wconf 81' lang='lat'>128</span> 
     </span>
     <span class='ocr_line' id='line_1_27' title="bbox 173 1452 1502 1507; baseline -0.002 -12"><span class='ocrx_word' id='word_1_176' title='bbox 173 1455 271 1506; x_wconf 83' lang='grc' dir='ltr'>πρὸς</span> <span class='ocrx_word' id='word_1_177' title='bbox 305 1455 435 1496; x_wconf 83' lang='grc' dir='ltr'>τᾶλλα</span> <span class='ocrx_word' id='word_1_178' title='bbox 471 1456 736 1507; x_wconf 73' lang='grc' dir='ltr'>παρεσχηκὼς</span> <span class='ocrx_word' id='word_1_179' title='bbox 776 1455 893 1494; x_wconf 84' lang='grc' dir='ltr'>αὑτὸν</span> <span class='ocrx_word' id='word_1_180' title='bbox 933 1454 1098 1494; x_wconf 81' lang='grc' dir='ltr'>Μειδίας</span> <span class='ocrx_word' id='word_1_181' title='bbox 1135 1454 1197 1493; x_wconf 83' lang='grc' dir='ltr'>καὶ</span> <span class='ocrx_word' id='word_1_182' title='bbox 1239 1452 1388 1503; x_wconf 87' lang='grc' dir='ltr'>μηδένα</span> <span class='ocrx_word' id='word_1_183' title='bbox 1423 1456 1502 1492; x_wconf 85' lang='grc' dir='ltr'>τῶν</span> 
     </span>
     <span class='ocr_line' id='line_1_28' title="bbox 173 1520 1502 1572; baseline -0.003 -10"><span class='ocrx_word' id='word_1_184' title='bbox 173 1522 310 1562; x_wconf 84' lang='grc' dir='ltr'>ἄλλων</span> <span class='ocrx_word' id='word_1_185' title='bbox 342 1526 516 1562; x_wconf 85' lang='grc' dir='ltr'>πολιτῶν</span> <span class='ocrx_word' id='word_1_186' title='bbox 548 1521 740 1572; x_wconf 85' lang='grc' dir='ltr'>ἠδικηκὼς</span> <span class='ocrx_word' id='word_1_187' title='bbox 774 1523 828 1562; x_wconf 84' lang='grc' dir='ltr'>εἰς</span> <span class='ocrx_word' id='word_1_188' title='bbox 861 1520 920 1571; x_wconf 83' lang='grc' dir='ltr'>ἔμ’</span> <span class='ocrx_word' id='word_1_189' title='bbox 949 1520 1125 1572; x_wconf 78' lang='grc' dir='ltr'>ἀσελγὴς</span> <span class='ocrx_word' id='word_1_190' title='bbox 1156 1520 1278 1570; x_wconf 87' lang='grc' dir='ltr'>μόνον</span> <span class='ocrx_word' id='word_1_191' title='bbox 1307 1521 1407 1559; x_wconf 80' lang='grc' dir='ltr'>οὕτω</span> <span class='ocrx_word' id='word_1_192' title='bbox 1439 1521 1502 1559; x_wconf 79' lang='grc' dir='ltr'>καὶ</span> 
     </span>
     <span class='ocr_line' id='line_1_29' title="bbox 172 1586 1502 1641; baseline -0.003 -12"><span class='ocrx_word' id='word_1_193' title='bbox 172 1590 306 1639; x_wconf 90' lang='grc' dir='ltr'>βίαιος</span> <span class='ocrx_word' id='word_1_194' title='bbox 347 1590 537 1641; x_wconf 86' lang='grc' dir='ltr'>ἐγεγόνει,</span> <span class='ocrx_word' id='word_1_195' title='bbox 579 1592 733 1639; x_wconf 85' lang='grc' dir='ltr'>πρῶτον</span> <span class='ocrx_word' id='word_1_196' title='bbox 775 1590 848 1638; x_wconf 81' lang='grc' dir='ltr'>μὲν</span> <span class='ocrx_word' id='word_1_197' title='bbox 890 1587 1007 1640; x_wconf 81' lang='grc' dir='ltr'>ἔγωγ’</span> <span class='ocrx_word' id='word_1_198' title='bbox 1044 1586 1211 1640; x_wconf 81' lang='grc' dir='ltr'>ἀτύχημ’</span> <span class='ocrx_word' id='word_1_199' title='bbox 1247 1586 1295 1626; x_wconf 79' lang='grc' dir='ltr'>ἂν</span> <span class='ocrx_word' id='word_1_200' title='bbox 1335 1587 1502 1636; x_wconf 80' lang='grc' dir='ltr'>ἐμαυτοῦ</span> 
     </span>
     <span class='ocr_line' id='line_1_30' title="bbox 172 1653 1501 1707; baseline -0.002 -12"><span class='ocrx_word' id='word_1_201' title='bbox 172 1655 276 1695; x_wconf 83' lang='grc' dir='ltr'>τοῦθ’</span> <span class='ocrx_word' id='word_1_202' title='bbox 306 1655 496 1707; x_wconf 86' lang='grc' dir='ltr'>ἡγούμην,</span> <span class='ocrx_word' id='word_1_203' title='bbox 529 1655 649 1695; x_wconf 80' lang='grc' dir='ltr'>ἔπειτ’</span> <span class='ocrx_word' id='word_1_204' title='bbox 681 1654 915 1706; x_wconf 84' lang='grc' dir='ltr'>ἐφοβούμην</span> <span class='ocrx_word' id='word_1_205' title='bbox 946 1654 994 1694; x_wconf 77' lang='grc' dir='ltr'>ἂν</span> <span class='ocrx_word' id='word_1_206' title='bbox 1026 1653 1077 1704; x_wconf 79' lang='grc' dir='ltr'>μὴ</span> <span class='ocrx_word' id='word_1_207' title='bbox 1108 1657 1176 1694; x_wconf 85' lang='grc' dir='ltr'>τὸν</span> <span class='ocrx_word' id='word_1_208' title='bbox 1205 1653 1332 1693; x_wconf 84' lang='grc' dir='ltr'>ἄλλον</span> <span class='ocrx_word' id='word_1_209' title='bbox 1364 1655 1501 1693; x_wconf 81' lang='grc' dir='ltr'>ἑαυτοῦ</span> 
     </span>
     <span class='ocr_line' id='line_1_31' title="bbox 171 1720 1502 1774; baseline -0.002 -12"><span class='ocrx_word' id='word_1_210' title='bbox 171 1723 265 1772; x_wconf 87' lang='grc' dir='ltr'>βίον</span> <span class='ocrx_word' id='word_1_211' title='bbox 290 1723 403 1763; x_wconf 76' lang='grc' dir='ltr'>οὗτος</span> <span class='ocrx_word' id='word_1_212' title='bbox 427 1722 584 1774; x_wconf 88' lang='grc' dir='ltr'>μέτριον</span> <span class='ocrx_word' id='word_1_213' title='bbox 609 1722 795 1762; x_wconf 90' lang='grc' dir='ltr'>δεικνύων</span> <span class='ocrx_word' id='word_1_214' title='bbox 822 1722 885 1761; x_wconf 85' lang='grc' dir='ltr'>καὶ</span> <span class='ocrx_word' id='word_1_215' title='bbox 911 1720 1195 1772; x_wconf 80' lang='grc' dir='ltr'>φιλάνθρωπον</span> <span class='ocrx_word' id='word_1_216' title='bbox 1221 1720 1502 1770; x_wconf 87' lang='grc' dir='ltr'>διακρούσηται</span> 
     </span>
     <span class='ocr_line' id='line_1_32' title="bbox 171 1785 1601 1843; baseline -0.003 -15"><span class='ocrx_word' id='word_1_217' title='bbox 171 1790 294 1843; x_wconf 79' lang='grc' dir='ltr'>τούτῳ</span> <span class='ocrx_word' id='word_1_218' title='bbox 319 1792 364 1828; x_wconf 89' lang='grc' dir='ltr'>τό</span> <span class='ocrx_word' id='word_1_219' title='bbox 390 1790 500 1839; x_wconf 89' lang='grc' dir='ltr'>δίκην</span> <span class='ocrx_word' id='word_1_220' title='bbox 524 1790 579 1829; x_wconf 80' lang='grc' dir='ltr'>ὧν</span> <span class='ocrx_word' id='word_1_221' title='bbox 600 1788 659 1839; x_wconf 82' lang='grc' dir='ltr'>ἔμ’</span> <span class='ocrx_word' id='word_1_222' title='bbox 678 1790 840 1840; x_wconf 83' lang='grc' dir='ltr'>ὕβρικεν</span> <span class='ocrx_word' id='word_1_223' title='bbox 860 1791 1004 1829; x_wconf 87' lang='grc' dir='ltr'>δοῦναι.</span> <span class='ocrx_word' id='word_1_224' title='bbox 1061 1787 1143 1827; x_wconf 83' lang='grc' dir='ltr'>νυνὶ</span> <span class='ocrx_word' id='word_1_225' title='bbox 1169 1789 1210 1827; x_wconf 81' lang='grc' dir='ltr'>δὲ</span> <span class='ocrx_word' id='word_1_226' title='bbox 1235 1785 1394 1826; x_wconf 79' lang='grc' dir='ltr'>τοσαῦτ’</span> <span class='ocrx_word' id='word_1_227' title='bbox 1415 1786 1500 1826; x_wconf 86' lang='grc' dir='ltr'>ἐστὶ</span> <span class='ocrx_word' id='word_1_228' title='bbox 1536 1797 1601 1830; x_wconf 80' lang='grc'>129</span> 
     </span>
    </p>
   </div>
   <div class='ocr_carea' id='block_1_10' title="bbox 136 1853 1500 1905">
    <p class='ocr_par' dir='ltr' id='par_1_14' title="bbox 136 1853 1500 1905">
     <span class='ocr_line' id='line_1_33' title="bbox 136 1853 1500 1905; baseline -0.001 -11"><span class='ocrx_word' id='word_1_229' title='bbox 136 1869 147 1876; x_wconf 85' lang='lat'><em>·</em></span> <span class='ocrx_word' id='word_1_230' title='bbox 171 1855 287 1895; x_wconf 83' lang='grc' dir='ltr'>τᾶλλ’</span> <span class='ocrx_word' id='word_1_231' title='bbox 318 1856 342 1895; x_wconf 71' lang='grc' dir='ltr'>ἃ</span> <span class='ocrx_word' id='word_1_232' title='bbox 372 1856 546 1897; x_wconf 78' lang='grc' dir='ltr'>πολλοὺς</span> <span class='ocrx_word' id='word_1_233' title='bbox 577 1857 683 1905; x_wconf 79' lang='grc' dir='ltr'>ὑμῶν</span> <span class='ocrx_word' id='word_1_234' title='bbox 714 1855 903 1905; x_wconf 83' lang='grc' dir='ltr'>ἠδίκησεν</span> <span class='ocrx_word' id='word_1_235' title='bbox 934 1855 996 1894; x_wconf 83' lang='grc' dir='ltr'>καὶ</span> <span class='ocrx_word' id='word_1_236' title='bbox 1025 1857 1196 1899; x_wconf 89' lang='grc' dir='ltr'>τοιαῦτα,</span> <span class='ocrx_word' id='word_1_237' title='bbox 1227 1854 1332 1893; x_wconf 83' lang='grc' dir='ltr'>ὥστε</span> <span class='ocrx_word' id='word_1_238' title='bbox 1361 1853 1500 1893; x_wconf 87' lang='grc' dir='ltr'>τούτου</span> 
     </span>
    </p>
   </div>
   <div class='ocr_carea' id='block_1_11' title="bbox 169 1919 1639 2109">
    <p class='ocr_par' dir='ltr' id='par_1_15' title="bbox 169 1919 1639 2109">
     <span class='ocr_line' id='line_1_34' title="bbox 169 1919 1500 1973; baseline -0.002 -11"><span class='ocrx_word' id='word_1_239' title='bbox 169 1925 242 1971; x_wconf 80' lang='grc' dir='ltr'>μὲν</span> <span class='ocrx_word' id='word_1_240' title='bbox 270 1926 338 1962; x_wconf 88' lang='grc' dir='ltr'>τοῦ</span> <span class='ocrx_word' id='word_1_241' title='bbox 368 1922 478 1964; x_wconf 89' lang='grc' dir='ltr'>δέους</span> <span class='ocrx_word' id='word_1_242' title='bbox 507 1921 779 1973; x_wconf 80' lang='grc' dir='ltr'>ἀπήλλαγμαι,</span> <span class='ocrx_word' id='word_1_243' title='bbox 812 1925 1016 1973; x_wconf 86' lang='grc' dir='ltr'>φοβοῦμαι</span> <span class='ocrx_word' id='word_1_244' title='bbox 1046 1923 1087 1961; x_wconf 80' lang='grc' dir='ltr'>δὲ</span> <span class='ocrx_word' id='word_1_245' title='bbox 1119 1919 1242 1961; x_wconf 89' lang='grc' dir='ltr'>πάλιν</span> <span class='ocrx_word' id='word_1_246' title='bbox 1270 1919 1500 1960; x_wconf 80' lang='grc' dir='ltr'>τούναντίον</span> 
     </span>
     <span class='ocr_line' id='line_1_35' title="bbox 169 1983 1639 2039; baseline -0.004 -9"><span class='ocrx_word' id='word_1_247' title='bbox 169 1988 235 2038; x_wconf 87' lang='grc' dir='ltr'>μή,</span> <span class='ocrx_word' id='word_1_248' title='bbox 275 1991 436 2030; x_wconf 82' lang='grc' dir='ltr'>ἐπειδὰν</span> <span class='ocrx_word' id='word_1_249' title='bbox 472 1991 606 2029; x_wconf 79' lang='grc' dir='ltr'>πολλὰ</span> <span class='ocrx_word' id='word_1_250' title='bbox 651 1989 712 2028; x_wconf 84' lang='grc' dir='ltr'>καὶ</span> <span class='ocrx_word' id='word_1_251' title='bbox 755 1988 848 2029; x_wconf 86' lang='grc' dir='ltr'>δείν’</span> <span class='ocrx_word' id='word_1_252' title='bbox 885 1988 1040 2039; x_wconf 85' lang='grc' dir='ltr'>ἑτέρους</span> <span class='ocrx_word' id='word_1_253' title='bbox 1080 1987 1240 2037; x_wconf 83' lang='grc' dir='ltr'>ἀκούηθ’</span> <span class='ocrx_word' id='word_1_254' title='bbox 1278 1986 1343 2026; x_wconf 84' lang='grc' dir='ltr'>ὑπ’</span> <span class='ocrx_word' id='word_1_255' title='bbox 1382 1986 1500 2025; x_wconf 83' lang='grc' dir='ltr'>αὐτοῦ</span> <span class='ocrx_word' id='word_1_256' title='bbox 1531 1983 1639 2036; x_wconf 79' lang='lat'>[557]</span> 
     </span>
     <span class='ocr_line' id='line_1_36' title="bbox 170 2053 1497 2109; baseline -0.002 -14"><span class='ocrx_word' id='word_1_257' title='bbox 170 2056 426 2101; x_wconf 85' lang='grc' dir='ltr'>πεπονθότας,</span> <span class='ocrx_word' id='word_1_258' title='bbox 462 2056 638 2097; x_wconf 86' lang='grc' dir='ltr'>τοιοῦτός</span> <span class='ocrx_word' id='word_1_259' title='bbox 673 2072 731 2097; x_wconf 87' lang='grc' dir='ltr'>τις</span> <span class='ocrx_word' id='word_1_260' title='bbox 766 2057 856 2106; x_wconf 79' lang='grc' dir='ltr'>ὑμῖν</span> <span class='ocrx_word' id='word_1_261' title='bbox 889 2055 1086 2107; x_wconf 88' lang='grc' dir='ltr'>λογισμὸς</span> <span class='ocrx_word' id='word_1_262' title='bbox 1122 2053 1276 2109; x_wconf 84' lang='grc' dir='ltr'>ἐμπέσῃ</span> <span class='ocrx_word' id='word_1_263' title='bbox 1312 2055 1379 2093; x_wconf 66' lang='grc' dir='ltr'>’τί</span> <span class='ocrx_word' id='word_1_264' title='bbox 1411 2053 1497 2098; x_wconf 80' lang='grc' dir='ltr'>οῦν,-</span> 
     </span>
    </p>
   </div>
   <div class='ocr_carea' id='block_1_12' title="bbox 166 2162 1499 2422">
    <p class='ocr_par' dir='ltr' id='par_1_16' title="bbox 166 2162 1499 2422">
     <span class='ocr_line' id='line_1_37' title="bbox 215 2162 1498 2204; baseline -0.003 -7"><span class='ocrx_word' id='word_1_265' title='bbox 215 2174 225 2194; x_wconf 80' lang='grc' dir='ltr'>ῖ</span> <span class='ocrx_word' id='word_1_266' title='bbox 254 2167 305 2198; x_wconf 74' lang='grc' dir='ltr'>καὶ</span> <span class='ocrx_word' id='word_1_267' title='bbox 322 2165 433 2203; x_wconf 65' lang='grc' dir='ltr'>πάντ’]</span> <span class='ocrx_word' id='word_1_268' title='bbox 453 2167 504 2197; x_wconf 80' lang='grc' dir='ltr'>καὶ</span> <span class='ocrx_word' id='word_1_269' title='bbox 522 2167 561 2197; x_wconf 86' lang='grc' dir='ltr'>ὡς</span> <span class='ocrx_word' id='word_1_270' title='bbox 580 2164 647 2204; x_wconf 80' lang='lat' dir='ltr'>(vel</span> <span class='ocrx_word' id='word_1_271' title='bbox 665 2166 742 2201; x_wconf 62' lang='grc' dir='ltr'>ὅσα)</span> <span class='ocrx_word' id='word_1_272' title='bbox 760 2164 855 2196; x_wconf 79' lang='grc' dir='ltr'>πάντ’</span> <span class='ocrx_word' id='word_1_273' title='bbox 876 2164 1090 2195; x_wconf 77' lang='lat' dir='ltr'>Herwerden</span> <span class='ocrx_word' id='word_1_274' title='bbox 1253 2164 1275 2193; x_wconf 87' lang='grc'>6</span> <span class='ocrx_word' id='word_1_275' title='bbox 1298 2163 1434 2194; x_wconf 83' lang='grc' dir='ltr'>δέκατον</span> <span class='ocrx_word' id='word_1_276' title='bbox 1451 2162 1475 2192; x_wconf 83' lang='lat' dir='ltr'>S</span> <span class='ocrx_word' id='word_1_277' title='bbox 1493 2174 1498 2191; x_wconf 89' lang='lat'>:</span> 
     </span>
     <span class='ocr_line' id='line_1_38' title="bbox 167 2205 1498 2247; baseline -0.002 -9"><span class='ocrx_word' id='word_1_278' title='bbox 167 2210 205 2240; x_wconf 76' lang='grc' dir='ltr'>τὸ</span> <span class='ocrx_word' id='word_1_279' title='bbox 238 2209 373 2241; x_wconf 78' lang='grc' dir='ltr'>δέκατον</span> <span class='ocrx_word' id='word_1_280' title='bbox 404 2214 480 2240; x_wconf 82' lang='lat' dir='ltr'>cett.</span> <span class='ocrx_word' id='word_1_281' title='bbox 640 2219 658 2247; x_wconf 95' lang='lat'>7</span> <span class='ocrx_word' id='word_1_282' title='bbox 695 2208 738 2240; x_wconf 76' lang='grc' dir='ltr'>εἷς</span> <span class='ocrx_word' id='word_1_283' title='bbox 771 2219 835 2239; x_wconf 86' lang='lat' dir='ltr'>om.</span> <span class='ocrx_word' id='word_1_284' title='bbox 873 2208 906 2239; x_wconf 85' lang='lat' dir='ltr'>S¹</span> <span class='ocrx_word' id='word_1_285' title='bbox 942 2209 1032 2246; x_wconf 83' lang='lat' dir='ltr'>(add.</span> <span class='ocrx_word' id='word_1_286' title='bbox 1063 2208 1147 2243; x_wconf 63' lang='lat' dir='ltr'>ead„</span> <span class='ocrx_word' id='word_1_287' title='bbox 1181 2212 1216 2237; x_wconf 85' lang='lat' dir='ltr'>ut</span> <span class='ocrx_word' id='word_1_288' title='bbox 1247 2207 1396 2246; x_wconf 83' lang='lat' dir='ltr'>videtur)</span> <span class='ocrx_word' id='word_1_289' title='bbox 1427 2205 1498 2235; x_wconf 72' lang='lat' dir='ltr'>AY</span> 
     </span>
     <span class='ocr_line' id='line_1_39' title="bbox 173 2249 1493 2291; baseline -0.005 -7"><span class='ocrx_word' id='word_1_290' title='bbox 173 2261 210 2282; x_wconf 85' lang='lat'>10</span> <span class='ocrx_word' id='word_1_291' title='bbox 246 2253 453 2290; x_wconf 82' lang='grc' dir='ltr'>συνηδίκηται</span> <span class='ocrx_word' id='word_1_292' title='bbox 479 2253 558 2283; x_wconf 78' lang='lat' dir='ltr'>secl.</span> <span class='ocrx_word' id='word_1_293' title='bbox 589 2252 685 2282; x_wconf 82' lang='lat' dir='ltr'>Blass</span> <span class='ocrx_word' id='word_1_294' title='bbox 836 2261 873 2282; x_wconf 88' lang='lat'>12</span> <span class='ocrx_word' id='word_1_295' title='bbox 908 2252 1089 2291; x_wconf 75' lang='grc' dir='ltr'>λαμβάνειν</span> <span class='ocrx_word' id='word_1_296' title='bbox 1116 2251 1169 2280; x_wconf 82' lang='lat' dir='ltr'>A:</span> <span class='ocrx_word' id='word_1_297' title='bbox 1205 2253 1321 2286; x_wconf 77' lang='grc' dir='ltr'>λαβεῖν</span> <span class='ocrx_word' id='word_1_298' title='bbox 1350 2249 1373 2279; x_wconf 86' lang='lat' dir='ltr'>S</span> <span class='ocrx_word' id='word_1_299' title='bbox 1405 2249 1493 2287; x_wconf 81' lang='lat' dir='ltr'><strong>vulg.</strong></span> 
     </span>
     <span class='ocr_line' id='line_1_40' title="bbox 169 2292 1499 2335; baseline -0.002 -10"><span class='ocrx_word' id='word_1_300' title='bbox 169 2297 245 2333; x_wconf 84' lang='grc' dir='ltr'>ἐμοῦ</span> <span class='ocrx_word' id='word_1_301' title='bbox 267 2296 365 2335; x_wconf 89' lang='grc' dir='ltr'>μόνον</span> <span class='ocrx_word' id='word_1_302' title='bbox 387 2296 479 2328; x_wconf 82' lang='grc' dir='ltr'>ὄντος</span> <span class='ocrx_word' id='word_1_303' title='bbox 503 2295 557 2326; x_wconf 81' lang='lat' dir='ltr'>A:</span> <span class='ocrx_word' id='word_1_304' title='bbox 582 2297 667 2335; x_wconf 83' lang='grc' dir='ltr'>ὑμῶν</span> <span class='ocrx_word' id='word_1_305' title='bbox 689 2295 782 2327; x_wconf 82' lang='grc' dir='ltr'>ὄντος</span> <span class='ocrx_word' id='word_1_306' title='bbox 803 2296 900 2334; x_wconf 86' lang='grc' dir='ltr'>μόνον</span> <span class='ocrx_word' id='word_1_307' title='bbox 924 2295 1031 2326; x_wconf 84' lang='lat' dir='ltr'>SYO</span> <span class='ocrx_word' id='word_1_308' title='bbox 1046 2295 1094 2325; x_wconf 84' lang='lat' dir='ltr'>P:</span> <span class='ocrx_word' id='word_1_309' title='bbox 1121 2295 1211 2333; x_wconf 80' lang='grc' dir='ltr'>ἡμῶν</span> <span class='ocrx_word' id='word_1_310' title='bbox 1236 2294 1327 2326; x_wconf 77' lang='grc' dir='ltr'>ὄντος</span> <span class='ocrx_word' id='word_1_311' title='bbox 1349 2292 1449 2331; x_wconf 84' lang='grc' dir='ltr'>μόνον</span> <span class='ocrx_word' id='word_1_312' title='bbox 1474 2293 1499 2322; x_wconf 86' lang='lat' dir='ltr'>F</span> 
     </span>
     <span class='ocr_line' id='line_1_41' title="bbox 171 2336 1495 2378; baseline -0.005 -3"><span class='ocrx_word' id='word_1_313' title='bbox 171 2348 207 2375; x_wconf 86' lang='lat'>14</span> <span class='ocrx_word' id='word_1_314' title='bbox 233 2341 311 2378; x_wconf 83' lang='grc' dir='ltr'>ὁμοῦ</span> <span class='ocrx_word' id='word_1_315' title='bbox 327 2339 377 2369; x_wconf 87' lang='lat' dir='ltr'>A:</span> <span class='ocrx_word' id='word_1_316' title='bbox 405 2342 479 2378; x_wconf 83' lang='grc' dir='ltr'>ἐμοῦ</span> <span class='ocrx_word' id='word_1_317' title='bbox 496 2339 520 2369; x_wconf 88' lang='lat' dir='ltr'>S</span> <span class='ocrx_word' id='word_1_318' title='bbox 539 2339 629 2378; x_wconf 82' lang='lat' dir='ltr'><strong>vulg.</strong></span> <span class='ocrx_word' id='word_1_319' title='bbox 780 2348 816 2377; x_wconf 91' lang='lat'>17</span> <span class='ocrx_word' id='word_1_320' title='bbox 844 2338 1085 2377; x_wconf 77' lang='grc' dir='ltr'>ὑπολαμβάνειν</span> <span class='ocrx_word' id='word_1_321' title='bbox 1101 2338 1131 2367; x_wconf 88' lang='grc' dir='ltr'>Α</span> <span class='ocrx_word' id='word_1_322' title='bbox 1286 2347 1327 2367; x_wconf 89' lang='lat'>20</span> <span class='ocrx_word' id='word_1_323' title='bbox 1350 2336 1495 2376; x_wconf 76' lang='grc' dir='ltr'>ἀσελγὴς</span> 
     </span>
     <span class='ocr_line' id='line_1_42' title="bbox 166 2380 1202 2422; baseline 0 -12"><span class='ocrx_word' id='word_1_324' title='bbox 166 2386 245 2412; x_wconf 82' lang='lat' dir='ltr'>ante</span> <span class='ocrx_word' id='word_1_325' title='bbox 260 2382 359 2421; x_wconf 82' lang='grc' dir='ltr'>μόνον</span> <span class='ocrx_word' id='word_1_326' title='bbox 376 2382 399 2413; x_wconf 90' lang='lat' dir='ltr'>S</span> <span class='ocrx_word' id='word_1_327' title='bbox 412 2383 442 2412; x_wconf 88' lang='lat' dir='ltr'><strong>A</strong></span> <span class='ocrx_word' id='word_1_328' title='bbox 457 2393 463 2412; x_wconf 75' lang='grc' dir='ltr'>ε</span> <span class='ocrx_word' id='word_1_329' title='bbox 490 2388 567 2422; x_wconf 86' lang='lat' dir='ltr'>post</span> <span class='ocrx_word' id='word_1_330' title='bbox 583 2382 683 2422; x_wconf 84' lang='grc' dir='ltr'>μόνον</span> <span class='ocrx_word' id='word_1_331' title='bbox 703 2382 792 2421; x_wconf 85' lang='lat' dir='ltr'><strong>vulg.</strong></span> <span class='ocrx_word' id='word_1_332' title='bbox 930 2392 970 2421; x_wconf 86' lang='lat'>27</span> <span class='ocrx_word' id='word_1_333' title='bbox 997 2381 1157 2419; x_wconf 77' lang='grc' dir='ltr'>ἀκούσητε</span> <span class='ocrx_word' id='word_1_334' title='bbox 1178 2380 1202 2410; x_wconf 88' lang='lat' dir='ltr'>F</span> 
     </span>
    </p>
   </div>
  </div>
 </body>
</html>
