1737 2734
111 868 147 889 10

110 1199 145 1230 ¹5

170 141 268 195 xxv]
427 145 557 184 KAT‘
607 147 1157 185 ΑΡΙΣΤΟΓΕΙΤΟΝΟΣ
1205 149 1237 184 Α

169 252 471 302 βεβαιώσαντες
508 251 647 294 αὐτοὺς
685 252 780 303 ἔξιθ’
817 251 986 293 ἅπαντες
1024 257 1145 308 κοινῇ.
1217 254 1298 292 πῶς
1333 252 1375 291 δὲ
1411 254 1495 291 ταῖς

170 319 394 369 νουμηνίαις
433 321 488 361 εἰς
526 319 743 371 ἀκρόπολιν
780 320 1067 369 ἀναβαίνοντες
1105 318 1259 369 τάγαθὰ
1296 317 1343 373 τῇ
1379 318 1495 357 πόλει

169 386 320 426 διδόναι
354 386 415 425 καὶ
445 386 611 427 ἕκαστος
641 388 763 439 ἑαυτῷ
797 390 879 427 τοῖς
913 388 1016 426 θεοῖς
1050 383 1226 434 εὔξεσθε,
1255 385 1350 424 ὅταν
1382 386 1496 425 ὄντος

169 452 308 492 τούτου
334 454 417 493 ἐκεῖ
439 453 500 492 καὶ
520 456 587 492 τοῦ
611 452 757 504 πατρὸς
777 452 895 492 αὐτοῦ
913 455 981 491 τοῦ
1006 455 1183 505 χρηστοῦ
1202 451 1390 491 τάναντία
1414 455 1495 491 τοῖς

168 520 298 569 ὅρκοις
333 520 395 558 καὶ
428 522 510 561 τοῖς
545 521 627 559 ἐκεῖ
657 518 886 571 γράμμασιν
922 519 1136 571 ἐγνωκότες
1170 516 1256 568 ἧτε,·
1294 519 1336 558 τί
1365 517 1493 569 ἐρεῖτ’,

167 585 306 637 ἄνδρες
335 585 552 635 Ἀθηναῖοι,
587 587 627 626 τί
657 587 792 638 ἐρεῖτε,
828 586 875 625 ἄν
909 602 967 627 τις
1002 586 1098 636 ὑμᾶς
1135 585 1259 639 ἐρωτᾷ
1295 586 1495 636 γνωρίσας

168 652 257 694 τοὺς
291 651 670 704 ἀπεψηφισμένους;
710 653 750 692 τί
780 652 952 703 φήσετε;
994 651 1178 704 ἀρέσκειν
1211 655 1349 691 τοῦτον
1383 652 1492 702 ὑμῖν;

168 718 232 758 καὶ
256 719 313 760 τίς
340 719 360 757 ὁ
385 723 498 758 τοῦτο
523 718 738 770 τολμήσων
773 720 916 764 εἰπεῖν;
955 720 1013 760 τίς
1047 719 1067 758 ὁ
1101 720 1170 768 τῆς
1202 719 1340 758 τούτου
1373 734 1492 768 πονη-

165 786 252 836 ρίας
277 785 362 836 μετ’
388 786 482 836 ἀρᾶς
509 786 571 825 καὶ
599 788 717 835 κακῆς
741 784 858 835 δόξης
885 788 1142 836 κληρονομεῖν
1171 785 1493 835 βουλησόμενος;

167 851 260 891 ἀλλ’
280 851 348 891 οὐκ
374 851 489 894 αὐτὸς
515 853 682 893 ἕκαστος
708 850 813 903 (οὐκ)
838 852 1203 903 ἀποψηφίσασθαι;
1239 851 1377 891 οὐκοῦν
1403 867 1492 890 κατ-

166 917 368 970 αράσεσθε
397 922 479 960 τοῖς
514 918 908 970 ἀπεψηφισαμένοις,
936 922 1050 957 τοῦτο
1082 918 1127 958 τὸ
1156 918 1300 958 πιστὸν
1330 918 1495 959 ἕκαστος

165 985 293 1026 διδοὺς
319 985 370 1026 ὡς
395 985 465 1024 οὐκ
491 984 607 1026 αὐτὸς
637 985 750 1027 οὗτός
781 987 879 1025 ἐστι.
954 985 1016 1025 καὶ
1045 985 1084 1024 τί
1114 988 1173 1024 δεῖ
1202 988 1323 1024 ταῦτα
1351 987 1491 1033 ποιεῖν,

166 1050 256 1101 ἐξὸν
281 1051 471 1103 εὐφημεῖν
507 1052 569 1091 καὶ
599 1051 776 1092 ἅπαντας
806 1051 935 1091 ἅπασι
963 1050 1092 1092 πάντα
1124 1050 1264 1103 τάγάθ’
1290 1052 1491 1104 εὔχεσθαι,

166 1118 228 1158 καὶ
253 1118 352 1169 ὑμᾶς
376 1119 466 1168 ὑμῖν
497 1118 628 1159 αὐτοῖς
663 1119 725 1158 καὶ
758 1119 849 1160 τοὺς
880 1118 1028 1159 ἄλλους
1054 1117 1286 1167 Ἀθηναίους
1318 1117 1494 1159 ἅπαντας

163 1185 267 1234 ὑμῖν,
289 1183 507 1236 προσθήσω
535 1187 575 1225 δὲ
598 1185 660 1225 καὶ
685 1184 774 1226 τοὺς
799 1183 934 1235 ξένους
954 1184 1018 1224 καὶ
1037 1187 1177 1225 παῖδας
1198 1184 1260 1224 καὶ
1286 1188 1490 1236 γυναῖκας;

164 1252 324 1303 ἐφῖκται
349 1250 437 1303 γάρ,
460 1253 618 1303 ἐφῖκται
643 1251 802 1292 πάντων
827 1251 850 1301 ἡ
875 1251 1014 1291 τούτου
1038 1251 1408 1303 κακοπραγμοσύνη,
1431 1252 1493 1291 καὶ

163 1319 264 1357 πᾶσι
295 1318 560 1369 βουλομένοις
591 1318 704 1358 ἐστὶν
738 1318 1023 1370 ἀπαλλαγῆναι
1047 1320 1115 1368 τῆς
1141 1318 1280 1358 τούτου
1304 1318 1491 1371 πονηρίας

524 1384 604 1399 135

163 1383 227 1424 καὶ
251 1385 360 1434 δίκην
386 1387 555 1425 δεδωκοτ
592 1388 700 1425 ιδεῖν.

205 1504 224 1523 2
248 1495 309 1532 τὴν
324 1500 403 1524 ante
421 1494 596 1536 ἀκρόπολιν
613 1495 689 1524 add.
711 1494 735 1524 S
751 1494 840 1533 vulg.
861 1505 867 1524 :
892 1504 955 1524 om.
975 1495 1006 1524 A
1149 1505 1168 1534 3
1193 1497 1321 1535 εὔξεσθε
1339 1494 1468 1525 Reiske
1485 1507 1490 1525 :

162 1539 285 1578 εὔξεται
303 1539 397 1568 codd.
520 1549 539 1576 4
564 1537 681 1569 τούτου
699 1540 768 1570 ἐκεῖ
781 1538 871 1577 vulg.
892 1550 898 1569 ε
923 1548 987 1568 om.
1009 1541 1077 1570 ἐκεῖ
1091 1537 1128 1568 S¹
1144 1550 1150 1569 :
1178 1541 1247 1570 ἐκεῖ
1260 1538 1377 1570 τούτου
1393 1538 1491 1569 Blass

160 1581 358 1621 τούνόματος
389 1587 465 1621 post
497 1582 613 1613 τούτου
645 1582 721 1611 add.
753 1581 845 1611 Weil
861 1595 867 1612 :
909 1582 1136 1623 γεγραμμένου
1164 1582 1250 1612 coni.
1283 1581 1383 1612 Blass
1411 1581 1487 1612 coll.

160 1624 232 1654 xxii
266 1635 305 1664 73
439 1626 557 1666 πατρὸς
588 1626 684 1655 codd.
704 1636 710 1655 :
750 1625 894 1665 ἀδελφοῦ
927 1624 1081 1663 Dindors,
1113 1625 1255 1656 Parisin.
1286 1626 1371 1664 2998
1403 1635 1486 1655 corr.

160 1677 180 1705 5
204 1668 223 1706 ἢ
240 1674 318 1698 ante
335 1670 367 1700 τί
384 1668 460 1698 add.
480 1668 570 1708 vulg.
587 1679 593 1698 ε
619 1679 684 1698 om.
705 1667 729 1698 S
742 1669 773 1698 A
871 1669 898 1700 δ’
916 1674 992 1708 post
1008 1669 1041 1700 τί
1057 1669 1133 1699 add.
1153 1668 1184 1698 A
1328 1670 1349 1698 6
1372 1668 1394 1700 ὦ
1411 1674 1490 1699 ante

161 1712 270 1752 ἄνδρες
295 1712 371 1742 add.
391 1712 480 1750 vulg.
501 1723 508 1742 ε
540 1722 604 1742 om.
626 1711 693 1742 SA
866 1722 882 1750 7
909 1713 1191 1753 ἀπεψηφισμένους
1213 1711 1384 1742 SAYO:
1414 1713 1489 1743 ἆπο-

159 1754 401 1795 ψηφισαμένους
419 1755 454 1793 Ρ,
474 1755 514 1785 cs.
536 1758 551 1791 ξ
570 1755 613 1794 98
790 1766 811 1795 9
835 1756 1033 1794 βουλόμενος
1050 1756 1081 1785 Α
1265 1765 1304 1785 10
1328 1755 1404 1787 ἀλλ’
1422 1779 1429 1785 .
1450 1778 1456 1785 .
1477 1780 1484 1785 .

159 1798 423 1838 ἀποψηφίσασθαι
440 1799 520 1828 secl.
534 1798 626 1828 Weil
737 1798 835 1838 φήσει
853 1804 929 1837 post
946 1798 1083 1831 ἕκαστος
1100 1799 1175 1829 add.
1198 1799 1221 1828 S
1239 1809 1322 1829 corr.
1343 1798 1372 1828 Y
1389 1812 1440 1839 γρ.
1464 1798 1488 1828 F

157 1853 209 1880 γρ.
324 1843 380 1872 οὐκ
397 1842 471 1872 add.
494 1841 662 1871 Richards
767 1845 1010 1883 αποψηφισεσθε
1037 1841 1099 1872 5¹2
1131 1843 1416 1883 καταψηφίσασθαι
1442 1842 1487 1872 F:

158 1883 272 1923 φήσων
303 1885 589 1925 καταψηφίσασθαι
621 1884 706 1915 coni.
743 1885 871 1915 Reiske
1058 1895 1092 1915 11
1134 1885 1430 1926 ἀποψηφισαμένοις
1462 1884 1486 1915 S

157 1927 246 1966 vulg.
263 1938 269 1958 :
297 1928 570 1968 ἀπεψηφισμένοις
587 1927 618 1958 Α
750 1937 787 1966 13
811 1928 909 1960 ἅπασι
927 1928 1032 1960 πάντα
1047 1939 1111 1959 om.
1133 1927 1171 1958 S1
1291 1929 1329 1958 18
1353 1930 1404 1960 καὶ
1421 1951 1429 1958 .
1448 1951 1456 1959 .
1475 1950 1485 1959 .

158 1970 236 2002 ἰδεῖν
253 1980 317 2001 om.
338 1970 369 2000 A
461 1972 539 2003 ἰδεῖν
556 1970 580 2001 S
596 1982 602 2000 ἰ
628 1972 725 2003 αὐτὸν
744 1973 864 2003 ἐπιδεῖν
880 1976 957 2002 cett.

1527 147 1647 202 [799]

1527 386 1647 440 [800]

1530 535 1596 559 100

1529 1001 1590 1027 101
