1737 2734
159 654 222 677 100

106 955 221 1009 [654]

159 1021 218 1046 101

673 131 1157 170 ΔΗΜΟΣΘΕΝΟΎΣ
1454 128 1576 182 [xxm

252 239 315 279 καὶ
340 237 530 290 πρότερόν
557 253 662 276 τισιν
689 236 828 277 ἄλλοις
857 239 1017 275 τοιαῦτα
1041 237 1302 288 ψηφίσματα.
1374 237 1418 277 οὐ
1443 240 1518 289 γὰρ
1545 240 1582 279 εἴ

251 322 288 345 τι
314 305 470 345 πώποτε
495 303 546 354 μὴ
575 305 671 342 κατὰ
701 302 791 344 τοὺς
821 303 963 352 νόμους
994 301 1185 354 ἐπράχθη,
1215 303 1265 343 σὺ
1290 305 1332 343 δὲ
1360 303 1463 344 τοῦτ’
1493 306 1575 354 ἐμι-

251 370 378 421 μήσω,
407 372 469 410 διὰ
494 369 595 409 τοῦτ’
623 370 866 420 ἀποφεύγειν
898 385 964 408 σοι
988 368 1191 419 προσήκει,
1220 371 1326 409 ἀλλὰ
1350 369 1578 410 τούναντίον

253 438 355 477 πολὺ
391 439 548 487 μᾶλλον
584 436 822 475 ἁλίσκεσθαι
859 437 922 474 διὰ
957 438 1089 475 ταῦτα.
1161 436 1296 487 ὥσπερ
1332 436 1418 488 γάρ,
1451 439 1488 476 εἴ
1519 454 1577 478 τις

254 506 412 544 ἐκείνων
443 502 561 548 εάλω,
591 502 641 541 σὺ
671 501 754 541 τάδ’
782 501 850 541 οὐκ
875 501 923 541 ἂν
954 501 1145 553 ἔγραψας,
1174 503 1308 548 οὕτως,
1337 504 1406 543 ἐὰν
1432 502 1482 542 σὺ
1508 506 1576 543 νῖν

253 573 370 624 ἁλῷς,
398 569 522 610 ἄλλος
547 569 591 608 οὐ
616 567 775 620 γράψει.

317 635 391 677 Ως
428 638 500 686 μὲν
535 636 666 674 τοίνυν
702 635 746 674 οὐ
782 651 887 684 παρα
916 634 1065 676 πάντας
1101 635 1190 676 τοὺς
1225 635 1367 684 νόμους
1397 640 1577 713 φανερῶς

254 702 455 755 γέγραφεν
475 701 519 741 τὸ
543 700 725 753 ψηφισμ’
753 700 1071 752 Ἀριστοκράτης,
1094 701 1161 741 οὐκ
1182 718 1289 752 οιμαι
1308 700 1441 752 λέγειν
1460 702 1577 742 αὐτὸν

254 769 368 819 ἕξειν·
408 769 478 818 ἤδη
505 767 546 808 δέ
572 785 632 807 τιν
636 767 785 813 ἐἶδοιῃ
808 766 838 807 ὠ
858 767 1024 819 ἄνδρες’
1029 771 1231 817 Αθηναῖοι,
1253 767 1413 819 γραφὴν
1432 769 1576 820 ἀγωνι-

256 837 416 886 ζόμενον
454 835 691 886 παρανόμων
728 837 809 875 τοῖς
849 835 982 884 νόμοις
1020 836 1093 884 μὲν
1129 835 1407 884 ἁλισκόμενον,
1447 835 1500 877 ὡς
1536 838 1578 876 ὃε

255 901 497 954 συμφέρονθ’
530 902 620 951 ὑμῖν
653 900 856 953 γέγραφεν
887 900 1020 952 λέγειν
1054 903 1328 954 ἐπιχειροῦντα
1361 901 1423 942 καὶ
1459 903 1576 957 ταύτῃ

253 970 502 1019 βιαζόμενοι
532 967 648 1018 εὐήθη
680 967 763 1017 μέν,
792 967 911 1017 οἶμαι,
939 969 1096 1017 μᾶλλον
1121 967 1153 1007 δ’
1181 969 1319 1017 ἀναιδῆ
1349 969 1486 1019 λόγον.
1544 970 1578 1009 εἰ

254 1037 328 1087 γὰρ
365 1035 428 1074 καὶ
466 1036 563 1074 κατὰ
599 1034 729 1074 τᾶλλα
766 1033 894 1074 πάντα
931 1033 1126 1086 συμφέρει
1161 1036 1210 1074 τὰ
1247 1034 1441 1085 εἰρημένα,
1480 1053 1503 1090 η
1541 1035 1577 1086 γ’

254 1103 506 1153 ὀμωμοκότας
532 1103 628 1140 κατὰ
653 1118 742 1142 τους
768 1102 909 1150 ιόμους
936 1100 1112 1140 δικάσειν
1139 1102 1236 1151 ὑμᾶς
1262 1100 1368 1150 ἀξιοῖ
1391 1105 1529 1152 κυροῦν
1555 1119 1578 1141 α

253 1169 342 1219 μηδ’
363 1168 477 1210 αὐτὸς
497 1168 581 1221 ἔχει
600 1169 757 1208 δικαίως
784 1165 908 1216 δεῖξαι
933 1167 1197 1218 γεγραμμένα,
1217 1166 1415 1219 ἁσ-ύμφορ
1436 1167 1485 1207 ἂν
1504 1169 1576 1216 εἵη,

255 1238 363 1287 εἴπερ
395 1235 439 1275 τὸ
475 1235 647 1286 εὐορκεῖν
681 1235 769 1285 περὶ
802 1235 996 1274 πλείστου
1022 1235 1145 1274 πᾶσίν
1178 1234 1266 1273 ἐστι
1295 1233 1492 1283 ποιητέον·
1533 1233 1578 1273 οὐ

253 1303 329 1353 μὴν
366 1302 458 1342 ἀλλ’
494 1302 578 1356 ἔχει
614 1300 685 1341 τιι’
721 1302 825 1350 ὅμως
860 1301 883 1350 ἡ
921 1299 1083 1340 ἀναίδει’
1118 1302 1213 1350 αὕτη
1246 1301 1381 1351 λόγον.
1453 1301 1577 1354 τούτῳ

253 1371 384 1410 τοίνυν
420 1368 499 1410 086³
537 1369 648 1410 οὗτο5
687 1367 844 1407 ἐνέσται
874 1366 969 1418 πρὸς
1001 1367 1100 1416 ὑμᾶς
1134 1367 1154 1405 ὁ
1183 1367 1317 1418 λόγος·
1371 1367 1470 1406 οὕτω
1502 1369 1578 1418 γὰρ

255 1436 399 1487 σφόδρ’
414 1436 593 1476 ἐναιτίον
606 1433 650 1474 ὂν
663 1439 743 1475 τοῖς
756 1434 890 1484 νόμοις
903 1434 946 1473 τὸ
962 1432 1158 1485 ψήφισμα
1171 1436 1329 1483 μᾶλλον
1343 1433 1579 1484 ἀσύμφορόν

255 1504 366 1543 ἐστιν
396 1500 418 1552 ἢ
447 1519 575 1554 παραν
579 1518 687 1551 ομοι
759 1501 958 1550 βούλομαι
989 1499 1020 1539 δ’
1047 1500 1117 1549 ἤδη
1148 1500 1210 1539 καὶ
1243 1499 1348 1539 τοῦθ’
1375 1500 1465 1549 ὑμῖν
1494 1501 1576 1539 ἐπι-

254 1570 461 1610 δεικνύναι.
521 1570 555 1608 ἵν
560 1586 583 1607 α
599 1568 630 1608 δ’
649 1568 699 1609 ὡς
716 1569 777 1606 διὰ
794 1571 927 1619 βραχι
930 1584 1001 1606 τατ
1005 1584 1048 1606 ου
1067 1567 1189 1617 λόγου
1205 1569 1327 1616 ὃηλοι
1342 1565 1363 1605 ὃ
1379 1566 1578 1616 βούλομαι

254 1636 421 1687 ποιήσω,
449 1634 694 1686 παράδειγμά
719 1651 757 1674 τι
781 1634 976 1686 γνώριμον
1002 1650 1126 1672 πασιν
1151 1634 1240 1682 ὑμῖι
1267 1634 1352 1684 ἐρῶ
1413 1632 1492 1672 ἴσθ’
1518 1634 1578 1672 ὅτι

255 1703 450 1783 σιμφέρει
486 1709 532 1758 τῆ
574 1703 688 1741 πόλει
726 1699 824 1751 μήτε
865 1700 1073 1749 Θηβαίου5
1112 1698 1209 1749 μήτε
1249 1700 1577 1749 Λακεδαιμονίου5

257 1770 424 1823 ισχύειι,
452 1770 558 1809 ἀλλὰ
583 1785 665 1809 τοις
693 1770 765 1818 μὲι
791 1766 953 1808 Φωκέα5
985 1767 1102 1806 ἀντπι
1106 1766 1239 1814 άλους,
1267 1769 1348 1807 τοῖς
1374 1765 1406 1805 6
1431 1765 1577 1807 ἄλλοις

255 1853 363 1878 τιιας
403 1853 514 1877 ειναι·
566 1853 608 1875 εκ
645 1837 720 1886 γὰρ
753 1837 820 1874 τοῦ
856 1833 963 1873 ras-'6
996 1835 1118 1874 οὕτω5
1151 1833 1259 1886 ἔχειν
1289 1833 1380 1883 ἡμιι
1409 1831 1576 1884 ὑπάρχει

254 1905 456 1956 μεγίστοις
496 1903 608 1942 οὖσιν
648 1903 844 1953 ἀσφαλῶς
883 1902 1017 1940 οἰκεῖν.
1087 1902 1200 1939 τοῦτο
1235 1901 1366 1939 τοίνυν
1402 1899 1576 1949 νομίζετε

254 1970 371 2010 ταύτὸ
398 1972 457 2010 καὶ
482 1973 563 2011 τοῖς
589 1969 844 2020 Χερρόνησον
870 1969 1022 2006 οἰκοῦσι
1047 1970 1125 2006 τῶν
1151 1970 1323 2006 πολιτῶν
1344 1965 1574 2017 συμφέρειν,

253 2037 387 2087 μηδέν’
426 2037 525 2077 εἶναι
560 2040 637 2076 τῶν
676 2038 844 2088 Θρᾳκῶν
883 2034 1059 2086 ἰσχυρόν·
1113 2033 1135 2082 ἡ
1173 2035 1247 2084 γὰρ
1285 2034 1443 2072 ἐκείνων
1480 2032 1576 2083 πρὸς

255 2104 454 2155 ἀλλήλους
479 2103 630 2155 ταραχὴ
667 2103 728 2142 καὶ
757 2103 913 2152 ὑποψία
939 2101 1090 2152 φρουρὰ
1121 2098 1375 2151 Χερρονήσου
1406 2100 1574 2150 μεγίστη

254 2175 331 2211 τῶν
370 2175 510 2211 πασῶν
550 2172 660 2209 ἐστιν
701 2169 762 2208 καὶ
799 2167 1060 2219 βεβαιοτάτη.
1131 2166 1174 2206 τὸ
1213 2168 1344 2207 τοίνυν
1381 2165 1610 2217 ψήφισμας

297 2292 316 2320 3
348 2282 544 2321 ἀποφεύγειν
570 2280 610 2310 Α.
639 2279 677 2309 cs,
707 2279 775 2308 xxii
806 2289 843 2316 7:
877 2279 1073 2317 ἀποφευγεῖν
1101 2275 1232 2306 FYO:
1269 2284 1447 2315 αποφυγειν
1472 2275 1495 2305 S
1523 2285 1574 2304 me

253 2332 337 2356 teste
488 2334 523 2362 13
549 2324 703 2363 συμφέροι
722 2323 750 2351 Λ
900 2331 937 2358 15
962 2323 1059 2360 δεῖξαι
1077 2321 1201 2352 δικαίως
1219 2322 1249 2348 Δ
1338 2318 1507 2358 ἀσύμφορα
1523 2318 1551 2347 Α
1568 2329 1574 2347 ἰ

253 2370 437 2409 ἀσύμφορον
456 2368 478 2397 S
498 2368 582 2405 vulg.
719 2376 760 2396 20
784 2365 810 2396 δ’
830 2367 902 2402 ὑμῖν
919 2365 970 2395 καὶ
988 2363 1074 2394 τοῦτ’
1091 2363 1122 2392 Α
1256 2373 1296 2392 22
1320 2364 1398 2393 πᾶσι
1414 2364 1575 2402 ’γνώριμον

252 2413 281 2442 Α
415 2413 520 2449 26-27
546 2412 641 2442 τοῦτο
659 2434 664 2439 .
688 2434 694 2440 .
718 2434 723 2438 .
742 2407 857 2448 ταύτὸ]
876 2407 1025 2445 ταύτὸ’ν]
1048 2429 1053 2436 .
1075 2429 1081 2436 .
1104 2431 1110 2437 .
1128 2408 1224 2437 τοῦτο
1242 2406 1272 2435 Α
1286 2405 1310 2435 F
1326 2415 1412 2436 corr.

1603 853 1638 874 10

1600 1517 1637 1537 20
