1737 2734
125 145 226 196 [741]
683 146 1170 184 ΔΗΜΟΣΘΕΝΟΎΣ
1470 144 1584 197 [xxm

259 248 466 298 ὑπέμενον.
539 250 654 298 ἀηδὲς
685 251 757 298 μὲν
782 249 850 289 οὖν
876 251 973 291 ἴσως
1003 251 1114 290 ἐστὶν
1139 252 1331 301 ὀνομαστὶ
1357 254 1449 303 περί
1469 270 1586 294 τινων

258 317 494 364 μεμνῆσθαι,
523 316 737 366 ἀναγκαῖον
761 318 800 354 δὲ
827 315 1095 366 παρεξετάσαι
1119 317 1257 358 αὐτοὺς
1282 321 1386 369 παρὰ
1411 320 1584 361 τούτους.

116 349 227 404 [742]

165 416 226 450 133
257 381 348 422 τοὺς
371 384 442 430 μὲν
461 381 529 420 οὖν
548 381 622 432 πρὸ
644 381 856 421 Εὐκλείδου
883 382 1074 433 ἄρχοντος
1094 383 1200 422 ἐάσω
1227 384 1288 423 καὶ
1315 385 1404 426 τοὺς
1428 387 1586 437 σφόδρα

259 448 463 487 παλαιούς.
535 449 659 487 καίτοι
697 449 793 486 κατὰ
829 448 920 489 τοὺς
956 450 1122 501 χρόνους
1158 450 1223 491 οὓς
1261 451 1423 490 ἕκαστοι
1459 452 1585 492 αὐτῶν

260 511 374 561 ἦσαν,
412 517 564 553 πολλοῦ
599 513 702 563 ἄξιοι
740 517 942 555 δοκοῦντες
979 519 1219 566 γεγενῆσθαι
1256 517 1323 557 τὸν
1361 517 1621 568 ἕμπροσθενξ,

258 580 403 631 χρόνον
427 581 530 629 ὅμως
561 581 727 632 ἰσχυρᾶς
752 583 857 632 παρὰ
881 585 949 620 τοῦ
981 581 1103 630 ’δήμου
1127 583 1245 634 ὀργῆς
1277 584 1495 636 ἐτύγχανον
1522 586 1584 624 ἐπὶ

257 649 338 686 τοῖς
371 647 537 697 ὕστερον
567 647 817 698 γιγνομένοις
851 646 1103 697 ἀδικήμασιν·
1141 649 1186 687 οὐ
1217 650 1290 700 γὰρ
1322 651 1465 702 χρόνον
1497 655 1583 691 τινα

257 714 428 754 δικαίους
454 712 547 767 ᾤετο
573 715 655 752 δεῖν
676 714 815 755 αὐτοὺς
840 714 862 763 ἡ
884 715 1000 755 πόλις
1027 715 1138 759 εἶναι,
1162 715 1246 754 εἶτα
1272 715 1454 761 κλέπτας,
1477 717 1583 756 ἀλλὰ

256 780 346 829 περί
378 796 421 830 γε
457 781 504 818 τὰ
543 779 638 819 κοίν’
673 780 733 819 ἀεὶ
767 782 951 820 δικαίους·
991 782 1116 820 ἐδόκει
1151 783 1226 832 γὰρ
1259 782 1328 822 τὸν
1361 783 1584 833 ἔμπροσθεν

255 846 401 897 χρόνον
422 846 465 885 οὐ
486 846 621 897 φύσει,
644 846 734 886 ἀλλ’
752 847 1036 896 ἐπιβουλεύων,
1058 851 1126 886 τοῦ
1145 850 1414 898 πιστευθῆναι,
1437 850 1584 891 δίκαιος
1608 867 1643 889 10

160 927 223 960 134
253 912 462 963 γεγονέναι
509 913 530 951 ὁ
576 917 751 954 τοιοῦτος
797 913 1013 965 ἄνθρωπος.
1085 915 1192 953 ἀλλὰ
1238 914 1322 963 μετ’
1366 916 1584 965 Εὐκλείδην

254 978 426 1031 ἄρχοντ’,
454 977 482 1018 ὦ
514 979 652 1030 ἄνδρες
683 981 875 1025 δικασταί,
906 984 1060 1031 πρῶτον
1089 983 1161 1031 μὲν
1189 981 1486 1031 Θρασύβουλον
1516 983 1583 1023 τὸν

256 1045 463 1085 Κολλυτέα
488 1046 632 1087 πάντες
663 1045 866 1096 μέμνησθε
897 1047 955 1088 δὶς
985 1046 1146 1086 δεθέντα
1173 1048 1234 1087 καὶ
1261 1047 1426 1098 κριθέντ’
1451 1049 1580 1100 ἀμφο-

252 1111 366 1162 τέρας
387 1114 456 1154 τας
482 1115 630 1164 κρίσεις
656 1114 698 1153 ἐν
717 1117 770 1167 τῷ
792 1112 912 1167 δήμῳ·
951 1114 1077 1153 καίτοι
1095 1118 1173 1154 τῶν
1198 1115 1240 1153 ἐκ
1261 1117 1457 1165 Πειραιῶς
1483 1115 1582 1155 κάπὸ

253 1181 387 1227 Φυλῆς
413 1179 524 1220 οὗτος
549 1178 608 1228 ἦν.
681 1180 815 1219 ἔπειτα
841 1179 1044 1231 Φιλέψιον
1069 1180 1136 1220 τὸν
1162 1180 1387 1231 Λαμπτρέα.
1459 1182 1581 1221 ἔπειτ’
1606 1199 1640 1230 15

252 1245 460 1297 Ἀγύρριον
485 1246 553 1285 τὸν
581 1245 802 1291 Κολλυτέα,
830 1246 952 1297 ἄνδρα
982 1246 1158 1298 χρηστὸν
1186 1247 1248 1286 καὶ
1277 1247 1486 1297 δημοτικὸν
1520 1249 1580 1288 καὶ

158 1324 218 1359 135
252 1312 339 1363 περὶ
358 1312 403 1351 τὸ
423 1315 573 1362 πλῆθος
598 1312 642 1352 τὸ
667 1313 853 1363 ὑμέτερον
874 1315 1008 1352 πολλὰ
1029 1313 1326 1353 σπουδάσαντα·
1364 1314 1455 1354 ἀλλ’
1475 1316 1579 1365 ὅμως

251 1379 341 1420 τοὺς
366 1380 508 1429 νόμους
533 1378 628 1434 ᾤετο
653 1382 734 1419 δεῖν
760 1381 822 1419 καὶ
849 1379 964 1421 αὐτὸς
991 1380 1138 1421 ἐκεῖνος
1170 1381 1324 1430 ὁμοίως,
1354 1382 1489 1432 ὥσπερ
1515 1383 1579 1421 ἐπὶ

250 1449 331 1486 τοῖς
357 1445 574 1491 ἀδυνάτοις,
597 1447 696 1485 οὕτω
724 1446 784 1485 καὶ
804 1445 868 1497 ἐφ’
889 1447 990 1500 αὑτῷ
1018 1447 1184 1499 ἰσχύειν,
1210 1448 1270 1486 καὶ
1296 1447 1443 1498 ἐγένετ’
1465 1449 1578 1502 ἐντῷ

251 1511 431 1562 οἰκήματι
466 1514 588 1566 τούτῳ
626 1513 745 1553 πόλλ’
780 1514 859 1562 ἔτη,
901 1514 972 1554 ἕως
1008 1515 1055 1552 τὰ
1092 1512 1274 1566 χρήματα
1310 1513 1519 1554 ἀπέτεισεν
1555 1515 1578 1554 ἂ
1600 1532 1639 1554 20

251 1577 360 1628 ἔδοξε
387 1581 456 1628 τῆς
481 1581 636 1620 πόλεως
666 1579 746 1619 ὅντ’
772 1581 891 1632 ἔχειν·
932 1580 993 1618 καὶ
1024 1579 1085 1619 ἐπ’
1112 1581 1246 1634 ἐκείνῳ
1275 1582 1578 1631 Καλλίστρατος

250 1646 460 1695 δυνάμενος
504 1648 565 1686 καὶ
609 1647 846 1698 ἀδελφιδοῦς
895 1645 948 1686 ὢν
991 1646 1108 1686 αὐτοῦ
1151 1647 1217 1686 οὐκ
1260 1647 1378 1687 ἐτίθει
1425 1648 1576 1698 νόμους.

251 1713 313 1751 καὶ
334 1714 566 1763 Μυρωνίδης
587 1714 606 1751 ὁ
626 1713 812 1765 Ἀρχίνου
832 1714 925 1757 υἱός,
947 1716 1016 1752 τοῦ
1036 1714 1336 1763 καταλαβόντος
1357 1714 1495 1763 Φυλὴν
1515 1716 1577 1754 καὶ

249 1779 348 1828 μετά
373 1796 416 1830 γε
442 1779 533 1821 τοὺς
558 1781 670 1820 θεοὺς
696 1779 927 1819 αἰτιωτάτου
955 1781 1065 1820 ὄντος
1091 1782 1157 1828 τῆς
1187 1781 1349 1819 καθόδου
1376 1784 1428 1834 τῷ
1454 1779 1574 1834 δήμῳ,

251 1846 312 1884 καὶ
342 1846 447 1885 ἄλλα
477 1849 610 1886 πολλὰ
642 1847 704 1885 καὶ
736 1848 835 1885 καλὰ
866 1846 1199 1896 πεπολιτευμένου
1237 1847 1298 1886 καὶ
1335 1848 1577 1898 ἐστρατηγη-
1600 1865 1636 1895 25

155 1920 218 1963 136
251 1913 362 1954 κότος
392 1912 597 1954 πολλάκις.
671 1913 761 1952 ἀλλ’
787 1914 890 1963 ὅμως
925 1913 1095 1954 ἅπαντες
1125 1913 1230 1952 οὗτοι
1264 1912 1458 1963 ὑπέμενον
1487 1914 1577 1955 τοὺς

108 1982 217 2035 [743]
248 1980 402 2028 νόμους.
476 1981 537 2020 καὶ
567 1981 603 2019 οἱ
634 1981 767 2030 ταμίαι
799 1979 863 2030 ἐφ’
890 1980 944 2019 ὧν
968 1980 988 2017 ὁ
1014 1979 1307 2029 Ὀπισθόδομος
1337 1979 1575 2031 ἐνεπρήσθη,

250 2046 309 2085 καὶ
337 2047 372 2086 οἱ
397 2050 474 2086 τῶν
499 2049 568 2096 τῆς
593 2049 683 2086 θεοῦ
711 2047 772 2086 καὶ
799 2048 834 2086 οἱ
859 2050 936 2085 τῶν
961 2046 1098 2086 ἄλλων
1124 2049 1235 2091 θεῶν,
1258 2047 1300 2086 ἐν
1319 2049 1371 2100 τῷ
1397 2045 1576 2096 οἰκήματι

405 2112 418 2122 0

246 2113 369 2166 τούτῳ
399 2130 511 2162 rso-cuv,
539 2114 610 2154 ἕως
636 2114 657 2162 ἡ
687 2115 811 2164 κρίσις
842 2113 971 2154 αὐτοῖς
1004 2112 1171 2164 ἐγένετο.
1245 2113 1305 2151 καὶ
1336 2114 1371 2152 οἱ
1397 2113 1483 2163 περὶ
1508 2113 1576 2152 τὸν

289 2232 308 2260 3
326 2223 481 2262 ἄρχοντος
498 2223 521 2253 S
551 2233 623 2252 cum
639 2223 736 2260 signo
750 2222 980 2252 adnotationis
995 2223 1044 2251 cui
1061 2221 1143 2251 nihil
1160 2221 1190 2250 in
1207 2221 1359 2259 margine
1374 2222 1574 2260 respondet)

246 2266 360 2304 vulg.:
393 2268 552 2306 ἄρχοντας
577 2266 605 2295 Α
770 2278 787 2303 4
821 2267 889 2296 καθ’
913 2271 990 2294 ante
1016 2267 1066 2297 οὓς
1092 2266 1168 2294 add.
1194 2265 1307 2303 vulg:
1340 2275 1404 2294 om.
1434 2265 1457 2294 S
1482 2265 1574 2295 solus

250 2319 287 2338 ιο
322 2312 378 2339 τοῦ
406 2311 539 2347 punctis
570 2315 717 2339 notatum
748 2309 779 2339 in
812 2309 834 2338 S
969 2314 1043 2347 post
1072 2309 1278 2344 πιστευθῆναι
1307 2308 1383 2338 add.
1411 2308 1520 2339 ἕνεκεν
1551 2308 1574 2337 F

249 2362 281 2380 11
311 2355 326 2383 ὁ
343 2355 488 2384 τοιοῦτος
505 2352 676 2393 ’γεγονέναι
697 2352 720 2382 F
844 2361 880 2389 14
907 2350 958 2390 ἐκ]
978 2353 1038 2382 ἀπὸ
1056 2351 1084 2380 Α
1101 2351 1126 2380 Y
1141 2351 1170 2380 O
1296 2352 1334 2379 16
1359 2352 1408 2382 καὶ
1427 2353 1573 2390 χρηστὸν

245 2395 397 2425 SAYO
