1737 2734
72 870 109 892 10

69 1202 107 1234 ¹5

68 1536 107 1558 20

130 145 205 198 xx]
522 149 683 187 ΠΡΟΣ
729 149 1066 187 AEHTINHN
1493 148 1606 203 [482]

129 258 220 297 παῖς
246 256 281 294 εἴ
305 251 377 304 <τι>
403 255 472 303 τῆς
501 255 663 304 δωρειᾶς
693 253 939 304 ἀφαιρεθείη,
969 251 1053 291 καθ’
1078 250 1099 291 ὃ
1130 251 1325 292 πολλάκις
1353 252 1461 302 ὑμῶν
1492 255 1606 310 [482]

130 319 482 373 στρατηγήσαντος
508 320 689 371 Χαβρίου
723 318 879 360 οὐδενὸς
912 317 1066 359 πώποθ’
1090 317 1173 360 υἱὸς
1204 317 1379 370 ὀρφανὸς
1413 318 1461 358 δι’

129 391 280 429 ἐκεῖνον
316 386 488 439 ἐγένετο,
527 386 642 428 αὐτὸς
678 385 710 426 δ’
748 387 791 426 ἐν
828 385 1001 439 ὀρφανίᾳ
1036 384 1252 437 τέθραπται
1289 386 1354 425 διὰ
1390 384 1461 434 τὴν

129 455 225 507 πρὸς
254 455 353 504 ὑμᾶς
378 454 612 505 φιλοτιμίαν
642 456 710 492 τοῦ
744 453 903 504 πατρός.
977 452 1077 491 οὕτω
1111 453 1186 504 γὰρ
1221 451 1271 493 ὡς
1304 452 1462 502 ἀληθῶς

129 523 264 573 ἔμοιγε
282 521 468 573 φαίνεται
487 520 668 571 βεβαίως
689 537 771 562 πως
791 521 939 560 ἐκεῖνος
960 519 1190 571 φιλόπολις,
1212 519 1317 559 ὥστε
1336 521 1462 559 δοκῶν

130 589 192 628 καὶ
218 587 272 628 ὢν
298 586 612 639 ἀσφαλέστατος
638 589 861 638 στρατηγὸς
886 585 1083 631 ἁπάντων,
1112 586 1208 637 ὑπὲρ
1242 587 1315 635 μὲν
1339 586 1459 636 ὑμῶν,

129 654 240 694 ὁπόθ’
263 654 415 706 ἡγοῖτο,
443 655 588 707 ἐχρῆτο
617 653 753 706 τούτῳ,
782 653 879 704 ὑπὲρ
909 653 1027 692 αὑτοῦ
1057 651 1111 697 δέ,
1141 651 1274 702 ἐπειδὴ
1304 651 1349 691 τὸ
1376 651 1461 692 καθ’

128 722 247 761 αὑτὸν
284 720 431 774 ἐτάχθη
471 719 718 766 κινδυνεύειν,
754 721 927 770 παρεῖδε,
964 720 1027 759 καὶ
1058 721 1216 769 μᾶλλον
1248 720 1376 759 εἵλετο
1408 719 1460 769 μὴ

131 788 198 838 ζῆν
222 784 246 838 ἦ
273 791 536 840 καταισχῦναι
561 788 630 828 τὰς
655 785 745 838 παρ’
771 787 879 836 ὑμῶν
909 786 1170 839 ὑπαρχούσας
1197 785 1300 840 αὐτῷ
1331 785 1458 836 τιμάς.

130 854 201 895 εἶθ’
227 855 324 906 ὑπὲρ
349 855 404 894 ὧν
436 855 584 895 ἐκεῖνος
615 852 710 908 ᾤετο
744 855 826 893 δεῖν
857 853 1125 908 ἀποθνῄσκειν
1150 848 1173 902 ἢ
1199 855 1323 898 νικᾶν,
1350 852 1459 892 ταῦθ’
1492 859 1535 901 83

128 922 239 971 ἡμεῖς
260 921 503 973 ἀφελώμεθα
527 919 596 961 τὸν
621 919 706 960 υἱὸν
731 919 868 965 affro&
897 919 961 959 καὶ
980 920 1021 959 τί
1043 917 1241 971 φήσομεν,
1268 916 1297 958 ὦ
1323 918 1460 970 ἄνδρες

129 988 350 1038 Ἀθηναῖοι,
377 989 472 1028 ὅταν
497 989 546 1027 τὰ
572 989 644 1038 μὲν
670 985 824 1039 τρόπαι’
850 985 998 1041 ἑστήκῃ
1024 988 1125 1035 δῆλα
1154 988 1278 1026 πᾶσιν
1308 986 1455 1036 ἀνθρώ-

130 1071 230 1101 ποις,
258 1055 282 1095 ἃ
313 1055 410 1106 ὑπὲρ
444 1055 552 1105 ὑμῶν
587 1057 820 1105 στρατηγῶν
854 1054 1002 1095 ἐκεῖνος
1035 1053 1198 1103 ἔστησε,
1224 1056 1303 1092 τῶν
1335 1051 1369 1092 δ’
1395 1053 1460 1093 ἐπὶ

128 1122 281 1163 τούτοις
316 1124 487 1173 δωρειῶν
521 1119 777 1176 ἀφῃρημένον
805 1136 842 1159 τι
872 1120 1079 1171 φαίνηται;
1118 1119 1163 1158 οὐ
1189 1118 1400 1171 σκέψεσθ’,
1429 1118 1458 1159 ὦ

128 1187 267 1238 ἄνδρες
291 1187 508 1238 Ἀθηναῖοι,
538 1188 601 1227 καὶ
630 1190 848 1239 λογιεῖσθε,
875 1187 936 1226 ὅτι
965 1190 1034 1226 νῦν
1064 1186 1136 1239 οὐχ
1170 1186 1190 1225 ὁ
1222 1186 1341 1237 νόμος
1376 1187 1454 1237 κρί-

127 1271 235 1295 νεται
260 1255 428 1306 πότερον
458 1253 542 1294 ἔστ’
570 1252 788 1303 ἐπιτήδειος
812 1251 835 1303 ἢ
862 1253 918 1298 οὔ,
946 1252 1039 1293 ἀλλ’
1065 1254 1174 1304 ὑμεῖς
1206 1251 1458 1303 δοκιμάζεσθ’

129 1321 197 1362 εἴτ’
225 1320 435 1371 ἐπιτήδειοι
461 1319 635 1374 πάσχειν
661 1320 744 1360 ἔστ’
770 1321 812 1362 εὖ
835 1319 904 1360 τὸν
928 1319 1071 1360 λοιπὸν
1095 1321 1240 1372 χρόνον
1267 1321 1345 1360 εἴτε
1368 1319 1441 1369 μή;

195 1390 309 1439 Λαβὲ
345 1388 390 1438 δὴ
426 1388 489 1428 καὶ
521 1387 567 1427 τὸ
599 1391 653 1442 τῷ
681 1388 842 1440 Χαβρίᾳ
865 1386 1063 1438 ψήφισμα
1087 1386 1314 1439 ψηφισθέν.
1385 1388 1457 1438 ὅρα
1489 1395 1532 1434 84

128 1454 173 1505 δὴ
201 1456 263 1496 καὶ
290 1456 443 1495 σκόπει·
482 1457 542 1494 δεῖ
563 1455 639 1506 γὰρ
665 1453 749 1493 αὔτ’
774 1453 925 1494 ἐνταῦθ’
953 1453 1055 1494 εἶναί
1077 1470 1164 1493 που.

194 1521 301 1574 Ἐγὼ
327 1521 360 1562 δ’
381 1521 439 1562 ἔτι
464 1520 566 1561 τοῦτ’
587 1522 712 1561 εἰπεῖν
736 1521 833 1572 ὑπὲρ
854 1521 1036 1572 Χαβρίου
1060 1521 1271 1570 βούλομαι.
1332 1520 1454 1569 ὑμεῖς,

127 1586 156 1628 ὦ
193 1588 331 1641 ἄνδρες
366 1587 583 1638 Ἀθηναῖοι,
623 1586 811 1638 τιμῶντές
849 1586 935 1626 ποτ’
972 1586 1214 1638 Ἰφικράτην,
1254 1586 1298 1625 οὐ
1335 1588 1457 1637 μόνον

127 1654 244 1696 αὑτὸν
269 1654 498 1707 ἐτιμήσατε,
525 1655 633 1694 ἀλλὰ
660 1654 721 1694 καὶ
747 1653 793 1694 δι’
820 1654 970 1694 ἐκεῖνον
995 1653 1211 1705 Στράβακα
1235 1654 1298 1693 καὶ
1320 1654 1454 1692 Πολύ-

127 1739 312 1774 στρατον·
364 1721 426 1762 καὶ
465 1721 600 1767 πάλιν,
639 1719 818 1774 Τιμοθέῳ
861 1721 1036 1762 διδόντες
1076 1720 1147 1769 τὴν
1189 1719 1366 1771 δωρειάν,
1409 1719 1456 1760 δι’

127 1790 278 1830 ἐκεῖνον
308 1789 478 1828 ἐδώκατε
511 1788 572 1827 καὶ
600 1786 793 1841 Κλεάρχῳ
830 1787 895 1826 καί
923 1803 1031 1827 τισιν
1063 1786 1203 1828 ἄλλοις
1236 1787 1454 1827 πολιτείαν·

125 1856 310 1907 Χαβρίας
334 1855 366 1895 δ’
392 1854 508 1896 αὐτὸς
533 1852 695 1905 ἐτιμήθη
720 1853 811 1905 παρ’
833 1854 923 1904 ὑμῖν
947 1853 1080 1904 μόνος.
1142 1855 1175 1894 εἰ
1201 1853 1246 1902 δὴ
1272 1853 1367 1899 τόθ’,
1396 1852 1454 1892 ὅθ’
1487 1839 1602 1893 [483]

127 1923 329 1974 εὑρίσκετο
353 1921 424 1972 τὴν
450 1920 627 1973 δωρειάν,
654 1919 827 1971 ἠξίωσεν
851 1921 962 1971 ὑμᾶς,
990 1922 1127 1972 ὥσπερ
1151 1919 1200 1960 δι’
1225 1918 1455 1972 Ἰφικράτην

127 1989 189 2029 καὶ
221 1989 419 2039 Τιμόθεον
453 1987 495 2028 εῧ
527 1990 637 2029 τινὰς
669 1986 922 2037 πεποιήκατε,
954 1988 1055 2027 οὕτω
1090 1987 1152 2027 καὶ
1184 1986 1233 2026 δι’
1263 1985 1381 2026 αὑτὸν
1415 1987 1456 2025 εὖ

125 2057 291 2105 ποιῆσαι
315 2055 464 2095 τούτων
488 2055 598 2096 τινας
621 2058 700 2094 τῶν
726 2053 948 2105 εὑρημένων
972 2053 1044 2103 τὴν
1069 2053 1267 2099 ἀτέλειαν,
1295 2052 1361 2094 οὓς
1386 2056 1455 2092 νῦν

125 2122 231 2162 οὗτοι
266 2123 515 2174 μεμφόμενοι
551 2121 700 2162 πάντας
737 2121 996 2172 ἀφαιρεῖσθαι
1033 2121 1265 2160 κελεύουσιν
1299 2119 1453 2170 ὁμοίως,

172 2242 186 2262 1
213 2246 244 2264 τι
266 2232 342 2263 add.
362 2231 508 2271 Dobree,
531 2231 587 2271 qui
609 2236 722 2261 tamen
744 2230 848 2260 verba
865 2230 894 2261 εἰ
910 2253 917 2260 .
938 2254 944 2261 .
965 2251 973 2260 .
991 2229 1173 2271 ἀφαιρεθείη
1196 2239 1263 2259 non
1287 2228 1455 2260 immerito

126 2276 317 2315 suspicatur
428 2285 448 2314 5
473 2288 536 2307 πως
554 2274 595 2306 G.
617 2274 661 2305 H.
683 2273 866 2305 Schaesero
883 2277 1080 2312 suspectum
1099 2273 1162 2304 del.
1181 2273 1289 2304 Cobet
1378 2279 1453 2313 post

126 2319 301 2359 φιλόπολις
317 2320 390 2350 add.
413 2320 490 2351 εἶναι
509 2319 539 2348 Α
555 2329 562 2349 :
588 2318 719 2359 ἐγένετο
738 2317 803 2347 FY
816 2317 846 2347 O
861 2317 886 2347 Ρ
903 2329 908 2346 :
932 2327 997 2347 om.
1017 2317 1041 2347 S
1056 2316 1093 2346 L¹
1201 2321 1237 2354 βξ
1256 2317 1361 2356 84-91
1389 2318 1453 2357 ἐγὼ

127 2363 152 2394 δ’
173 2362 239 2403 ἔτι]
258 2363 337 2393 hinc
354 2363 472 2403 incipit
490 2362 714 2401 fragmentum
730 2360 857 2400 Papyri
875 2360 1109 2391 Berolinensis
1126 2361 1212 2400 5879
1301 2370 1344 2391 20
1367 2362 1453 2398 ὑμεῖς

127 2405 155 2438 δ’
184 2406 208 2437 S
222 2407 248 2437 L
276 2405 339 2437 soli
495 2415 536 2444 23
574 2409 636 2444 τὴν
666 2415 731 2436 orn.
766 2404 847 2444 Pap.
880 2404 972 2434 solus
1127 2406 1169 2434 26
1209 2405 1335 2445 εὕρισκε
1369 2402 1450 2443 Pap.

127 2460 169 2489 29
200 2450 342 2490 ὁμοίως,]
369 2449 525 2481 distinxit
550 2448 703 2479 Reiske:
734 2448 888 2488 plerique
913 2448 988 2478 edd.
1017 2453 1093 2486 post
1119 2448 1309 2479 κελεύουσιν
