1737 2734
82 158 197 213 [624]

158 807 198 841 13

79 1126 196 1180 [62⁵]

157 1209 197 1241 14

154 1543 194 1579 15

654 160 1137 198 ΔΙΙΜΟΣΘΕΝΟΥΣ
1433 156 1554 210 [xxm

231 264 286 309 δέ,
315 266 347 304 εἰ
372 265 666 317 χειροτονηθείη
689 263 910 316 στρατηγὸς
934 263 1002 315 ὑφ’
1027 265 1133 314 ὑμῶν
1158 265 1395 316 Χαρίδημος.
1467 266 1555 306 οὔτε

233 333 307 382 γὰρ
332 331 504 384 ὑμετέρῳ
526 335 736 385 στρατηγῷ
762 332 982 382 προχείρως
1003 331 1161 371 ἐναντία
1180 330 1377 380 θήσεσθαι
1396 334 1443 372 τὰ
1462 332 1554 371 ὅπλ’

232 397 366 446 ἔμελλ’
387 398 407 436 ὁ
424 399 555 446 Σίμων
572 397 651 436 οὐδ’
669 398 689 436 ὁ
709 396 875 448 Βιάνωρ,
895 401 1056 437 πολῖται
1070 396 1327 449 γεγενημένοι
1343 401 1405 438 καὶ
1420 397 1555 439 ἄλλως

233 464 520 504 ἐσπουδακότες
539 463 635 514 πρὸς
656 465 766 513 ὑμᾶς·
805 464 824 502 ὁ
849 466 890 503 δὲ
911 463 956 512 δὴ
976 462 1081 515 γένει
1101 464 1267 513 πολίτης
1287 462 1555 515 Ἀθηνόδωρος

233 530 318 569 οὐδὲ
343 530 653 579 βουλεύσεσθαι·
705 530 794 569 οὔτε
826 529 897 578 τὴν
931 532 993 569 διὰ
1026 533 1094 569 τοῦ
1127 531 1393 581 ψηφίσματος
1426 531 1555 570 αἰτίαν

232 596 511 640 ὑποδύσεσθαι,
534 595 556 645 ἣ
577 596 774 647 πρόδηλος
799 594 845 645 ἦν
866 596 927 635 ἐπ’
948 597 1118 636 ἐκείνους
1137 596 1300 646 ἥξουσα,
1323 598 1361 636 εἵ
1379 613 1417 636 τι
1435 596 1554 637 πάθοι

233 665 467 713 Χαρίδημος.
543 664 584 702 ἐκ
608 665 648 702 δὲ
674 663 813 702 τούτου
838 666 905 702 τοῦ
929 663 1074 713 τρόπου
1103 666 1180 702 τῶν
1204 665 1276 712 μὲν
1307 662 1460 713 ἐρήμων
1483 665 1547 703 ὄν-

231 746 309 768 των
345 732 519 779 βοηθῶν,
556 731 688 770 αὑτοῖς
720 729 753 768 δ’
788 729 919 770 ἀδείας
955 730 1150 779 δοθείσης,
1187 729 1327 782 ῥᾳδίως
1364 731 1554 780 ἐκβαλεῖν

230 796 400 837 ἐκείνους
427 797 488 835 καὶ
515 795 786 848 κατασχήσειν
811 795 883 845 τὴν
913 794 1052 848 ἀρχήν.
1125 796 1187 835 καὶ
1211 797 1272 835 ὅτι
1296 795 1405 835 ταῦθ’
1431 797 1553 837 οὕτως

228 861 349 916 ᾤοντο
379 863 441 901 καὶ
472 862 574 901 τοῦτ’
600 861 647 912 ἣν
679 866 722 901 τὸ
759 863 1050 913 κατασκεύασμ’
1085 863 1227 907 αὐτοῖς,
1259 864 1306 902 τὰ
1339 862 1552 916 πραχθέντ’

229 929 325 968 αὐτὰ
353 933 574 980 κατηγορεῖ.
646 928 726 978 ἅμα
754 931 830 981 γὰρ
859 932 912 983 τῷ
943 929 1104 983 πολέμῳ
1134 929 1167 968 τ’
1199 930 1424 982 ἐνεχείρουν
1443 930 1552 970 αὐτοὶ

230 998 292 1035 καὶ
318 1000 414 1047 πρὸς
438 997 537 1046 ὑμᾶς
561 995 654 1045 ἧκεν
680 995 971 1048 Ἀριστόμαχος
996 995 1246 1047 πρεσβευτὴς
1271 996 1361 1048 παρ’
1381 995 1507 1036 αὐτῶν
1532 997 1553 1035 ὁ

228 1062 507 1112 Ἀλωπεκῆθεν
523 1063 672 1107 οὑτοσί,
691 1062 733 1104 δς
750 1063 856 1102 ἄλλα
872 1063 904 1101 τ’
922 1063 1155 1115 ἐδημηγόρει
1171 1063 1259 1114 παρ’
1278 1064 1366 1113 ὑμῖν
1383 1064 1553 1103 ἐπαινῶν

230 1130 291 1169 καὶ
317 1127 471 1178 διεξιὼν
502 1129 571 1169 τὸν
602 1129 919 1180 Κερσοβλέπτην
947 1130 1009 1169 καὶ
1038 1130 1107 1170 τὸν
1139 1130 1378 1181 Χαρίδημον,
1407 1129 1458 1171 ὡς
1483 1135 1549 1181 φι-

230 1196 470 1248 λανθρώπως
496 1196 632 1249 ἔχουσι
659 1196 756 1247 πρὸς
784 1197 894 1246 ὑμᾶς,
925 1197 985 1236 καὶ
1009 1197 1131 1247 μόνον
1160 1197 1376 1247 ἀνθρώπων
1399 1196 1447 1236 ἂν
1472 1196 1551 1247 ἔφη

232 1263 456 1313 Χαρίδημον
489 1263 734 1315 Ἀμφίπολιν
764 1264 1005 1313 κομίσασθαι
1033 1264 1079 1319 τῇ
1106 1264 1221 1303 πόλει
1250 1263 1454 1308 δύνασθαι,
1490 1264 1551 1303 καὶ

229 1328 392 1385 παρῄνει
413 1330 637 1381 στρατηγὸν
652 1333 942 1383 χειροτονῆσαι.
1001 1330 1220 1380 ἡτοίμαστο
1241 1329 1273 1369 δ’
1289 1330 1419 1371 αὐτοῖς
1438 1333 1552 1369 τοῦτο

228 1397 272 1436 τὸ
306 1398 588 1448 προβούλευμα
619 1398 681 1436 καὶ
712 1395 962 1451 προδιῴκητο,
998 1397 1048 1436 ἵν’
1085 1398 1117 1436 εἰ
1147 1395 1364 1445 πεισθείητ’
1396 1397 1438 1436 ἐκ
1473 1400 1551 1436 τῶν

227 1463 491 1516 ὑποσχέσεων
521 1464 582 1503 καὶ
615 1467 693 1503 τῶν
726 1465 898 1504 ἐλπίδων
927 1464 971 1505 ἃς
1001 1463 1168 1504 ὑπέτειν’
1198 1464 1218 1502 ὁ
1243 1462 1548 1515 Ἀριστόμαχος,

228 1530 338 1572 εὐθὺς
362 1531 642 1581 ἐπικυρώσειεν
666 1531 686 1569 ὁ
712 1532 832 1580 δῆμος
859 1530 919 1570 καὶ
945 1533 1065 1580 μηδὲν
1088 1530 1269 1580 ἐμποδὼν
1294 1531 1366 1579 εἴη.
1427 1529 1551 1569 καίτοι

227 1601 307 1638 πῶς
332 1596 380 1636 ἂν
401 1598 683 1650 τεχνικώτερον
702 1594 724 1646 ἢ
747 1598 1055 1648 κακουργότερον
1076 1596 1460 1646 συμπαρεσκεύασαν
1480 1595 1547 1636 ἄν-

226 1665 387 1713 θρωποι,
415 1665 521 1705 ὅπως
549 1665 585 1704 οἱ
614 1666 686 1713 μὲν
716 1665 977 1704 ἐκπεσοῦνται
1006 1667 1084 1703 τῶν
1112 1662 1332 1713 βασιλέων,
1360 1663 1414 1704 εἷς
1443 1661 1475 1702 δ’
1505 1661 1550 1702 ὃν

225 1730 333 1770 αὐτοὶ
363 1731 582 1780 βούλονται
615 1733 748 1770 πᾶσαν
779 1730 847 1781 ὑφ’
877 1732 979 1784 αὐτῷ
1015 1728 1223 1779 ποιήσεται
1252 1729 1323 1779 τὴν
1354 1727 1493 1782 ἀρχήν,
1525 1726 1548 1778 ἦ

225 1796 314 1839 τοὺς
345 1799 418 1847 μὲν
446 1800 530 1836 τοῖν
559 1799 666 1837 δυοῖν
698 1796 982 1847 βοηθήσαντας
1011 1796 1059 1836 ἂν
1089 1798 1144 1838 εἰς
1174 1797 1309 1848 φόβον
1339 1796 1400 1835 καὶ
1429 1812 1545 1836 συκο-

224 1865 392 1915 φαντίας
408 1863 622 1913 εὐλάβειαν
640 1863 908 1908 καθιστάντες,
934 1860 996 1915 [ἢν
1017 1863 1118 1905 εἰκὸς
1135 1865 1360 1914 προσδοκᾶν
1376 1863 1548 1904 ἐκείνους
1592 1880 1606 1910 ζ

232 1931 241 1941 5
279 1929 288 1942 ἲ
314 1932 323 1945 e
429 1930 438 1943 ἱ
505 1932 514 1943 Ί
592 1934 609 1941 Α
659 1930 673 1943 ὰ
777 1932 788 1942 x
877 1934 894 1942 Α
1030 1931 1039 1943 Ι
1365 1930 1376 1943 Ι
1462 1932 1479 1941 ἢ
1538 1928 1548 1941 ὶ

225 1935 275 1981 εφ
309 1946 468 1972 εαυτους
498 1932 630 1970 ελθειν
655 1947 703 1970 αν
734 1933 796 1970 δια
826 1947 893 1970 τον
925 1934 1190 1982 ψηφισματος
1219 1926 1403 1980 τουτουι,]
1431 1945 1484 1983 τῳ
1514 1931 1535 1969 δ

223 1997 280 2037 ἑνὶ
305 1996 516 2048 πράττοντι
541 1996 612 2047 τὴν
638 1997 765 2050 ἀρχὴν
786 1999 847 2037 καὶ
874 1997 1002 2036 πάντα
1021 1997 1208 2036 τάναντία
1232 1999 1313 2037 τοῖς
1331 1996 1421 2046 ὑμῖν
1445 2011 1544 2045 συμ-

268 2116 281 2137 1
308 2107 488 2147 Χαρίδημος
505 2106 584 2137 secl.
608 2106 744 2137 Dobree
915 2117 933 2146 5
959 2109 1032 2138 οὔτε
1051 2106 1162 2137 Weil:
1189 2106 1260 2138 οὐδὲ
1274 2106 1370 2136 codd.
1526 2106 1547 2135 8

221 2154 346 2187 Βοηθῶν
359 2150 436 2179 secl.
454 2150 656 2188 Rosenberg
762 2152 868 2182 αὑτοῖς
885 2151 1106 2187 Rosenberg:
1133 2152 1239 2182 αυτοῖς
1257 2149 1280 2179 S
1298 2161 1304 2179 z
1329 2151 1435 2181 αὐτοῖς
1451 2148 1542 2187 vulg.

221 2193 398 2229 ἐκβάλλειν
416 2193 439 2222 S
457 2192 491 2222 F¹
507 2193 536 2223 Y
714 2204 749 2232 14
775 2207 812 2225 τε
830 2200 909 2224 ante
930 2193 1186 2234 Κερσοβλέπτην
1203 2193 1277 2223 add.
1298 2192 1386 2230 vulg.
1404 2203 1412 2222 t
1435 2202 1499 2222 om.
1520 2192 1544 2222 S

219 2237 311 2267 solus
489 2238 528 2266 16
552 2236 761 2277 κομίσασθαι]
783 2238 977 2278 χαρίσασθαι
997 2237 1021 2267 F
1191 2247 1232 2267 20
1257 2237 1428 2276 κυρώσειεν
1446 2234 1543 2266 Blass

220 2280 293 2311 colL
316 2283 330 2317 ξ
354 2280 391 2309 18
599 2290 636 2310 21
665 2281 819 2319 ἄνθρωποι
839 2281 946 2315 codd..
968 2281 1008 2311 cf.
1030 2281 1086 2310 xix
1104 2281 1156 2319 85,
1179 2282 1249 2318 165,
1268 2290 1313 2309 xx
1331 2289 1373 2318 43
1392 2278 1541 2318 (Blass):

220 2323 372 2363 ἅνθρωποι
391 2323 554 2354 Schaefer
702 2334 742 2361 23
768 2324 819 2363 ὑφ’
838 2326 939 2364 ἑαυτῷ
960 2323 1002 2355 F:
1030 2324 1080 2362 ὑφ’
1099 2325 1194 2355 αὑτὸν
1212 2323 1235 2354 S
1248 2322 1276 2353 Α
1434 2324 1544 2361 25—26

220 2366 321 2396 verba
345 2367 385 2404 ἣν
410 2369 492 2399 εἰκὸς
517 2392 524 2397 .
554 2392 559 2398 .
588 2390 594 2396 .
621 2368 750 2398 τουτουί
774 2367 852 2398 secl.
882 2367 1016 2397 Dobree
1042 2372 1077 2396 ut
1103 2367 1192 2397 iHata
1216 2377 1259 2397 ex
1286 2368 1301 2404 §
1324 2376 1361 2396 12
1501 2367 1544 2396 26

220 2414 293 2448 post
314 2411 443 2441 τουτουί
462 2411 593 2449 (κτούτου
611 2410 657 2444 Α)
681 2411 757 2441 add.
777 2413 807 2442 εἴ
819 2424 851 2441 τι
868 2410 959 2441 πάθοι
977 2411 1155 2449 Χαρίδημος
1172 2409 1202 2440 Α
1220 2410 1272 2447 al.‚
1291 2409 1332 2440 es.
1353 2412 1368 2447 ξ
1390 2418 1447 2439 12:
1474 2419 1538 2440 om.

219 2453 243 2481 S
257 2453 280 2482 F
292 2453 319 2483 Y
333 2452 377 2483 0¹
514 2463 553 2491 27
578 2454 751 2495 πράττοντι
769 2454 848 2484 secl.
870 2454 1071 2491 Rosenberg

1577 881 1613 902 10

1572 1545 1611 1567 20
