1737 2734
65 859 102 879 10

63 1529 101 1550 20

125 135 210 189 m]
547 138 705 175 RATA
754 137 1029 177 ΜΕῙΔΙΟΎ

123 243 436 296 προσκέκρουκεν
463 244 562 292 ἐμοί,
585 244 647 281 διὰ
672 245 793 282 ταῦτα
812 245 950 282 τοῦτον
971 239 1233 290 ἐξαιτήσεται,
1255 241 1345 289 ὑμῖν
1361 240 1452 293 οὐχὶ

123 315 251 352 καλῶς
277 311 361 363 ἔχει
386 311 647 362 χαρίσασθαι·
686 309 738 359 μὴ
765 310 840 360 γὰρ
859 308 964 348 ἔστω
988 307 1123 358 μηδεὶς
1143 309 1186 347 ἐν
1211 308 1451 360 δημοκρατίᾳ

121 381 362 428 τηλικοῦτος,
398 377 501 416 ὥστε
536 376 734 416 συνειπὼν
767 375 836 415 τὸν
874 376 948 425 μὲν
980 375 1185 426 ὑβρίσθαι,
1216 372 1284 413 τὸν
1323 375 1363 412 δὲ
1397 373 1450 423 μὴ

121 448 254 484 δοῦναι
274 445 384 494 δίκην
404 445 581 493 ποιῆσαι.
644 441 736 482 ἀλλ’
757 443 790 482 εἰ
812 445 938 483 κακῶς
958 442 1025 491 ἐμὲ
1043 441 1188 491 βούλει
1208 444 1350 484 ποιεῖν,
1374 440 1448 480 Εὕ-

120 515 260 561 βουλε,
280 510 331 552 ὡς
347 510 474 563 ἔγωγε
492 511 545 560 μέι
561 509 651 551 τοὺς
672 508 784 550 θεοὺς
801 508 868 547 οὐκ
884 506 955 547 οἶδ’
972 507 1057 547 ἀνθ’
1074 508 1178 553 ὅτου,
1198 507 1364 547 δύνασαι
1379 508 1451 557 μὲν

123 578 184 617 καὶ
210 578 422 622 πολιτεύει,
451 579 548 616 κατὰ
573 576 664 618 τοὺς
687 576 831 626 νόμους
855 574 889 614 δ’
914 575 1054 624 ἥντινα
1076 575 1221 625 βούλει
1246 572 1336 625 παρ’
1358 575 1452 624 ἐμοῦ

121 644 230 694 δίκην
250 643 449 695 λάμβανε,
471 645 527 683 ὧν
551 643 584 683 δ’
606 643 683 694 ἐγὼ
704 644 811 693 παρὰ
829 641 919 682 τοὺς
940 642 1082 692 νόμους
1100 642 1313 692 ὑβρίσθην,
1334 639 1386 691 μή
1413 640 1451 691 μ’

122 712 293 763 ἀφαιροῦ
326 711 398 760 τὴν
434 710 636 761 τιμωρίαν.
709 710 744 749 εἰ
782 708 815 748 δ’
849 709 1010 759 ἀπορεῖς
1049 708 1206 750 ἐκείνως
1244 725 1292 758 με
1328 711 1452 748 κακῶς

122 780 299 828 ποιῆσαι,
322 779 380 827 εἴη
401 776 448 817 ἂν
467 777 530 816 καὶ
549 780 664 816 τοῦτο
683 779 848 826 σημεῖον
868 777 937 825 τῆς
953 776 1048 825 ἐμῆς
1067 775 1289 821 ἐπιεικείας,
1309 775 1343 814 εἰ
1361 774 1452 815 τοὺς

121 844 268 886 ἄλλους
286 845 426 898 ῥᾳδίως
447 844 586 896 κρίνων
602 844 670 894 ε’μὲ
689 844 810 893 μηδὲν
827 841 934 894 ἔχεις
951 841 1016 893 ἐφ’
1031 841 1108 895 ὅτῳ
1125 845 1240 881 τοῦτο
1257 839 1450 891 ποιήσεις.

190 911 406 962 Πέπυσμαι
435 912 567 950 τοίνυν
592 910 654 949 καὶ
687 909 934 958 Φιλιππίδην
968 908 1030 947 καὶ
1061 909 1355 961 Μνησαρχίδην
1390 908 1451 947 καὶ

124 979 314 1029 Διότιμον
361 977 431 1017 τὸν
480 976 696 1027 Εὐωνυμέα
738 976 800 1015 καὶ
841 975 1039 1016 τοιούτους
1082 976 1190 1016 τινὰς
1234 975 1452 1016 πλουσίους

123 1045 185 1085 καὶ
222 1043 481 1097 τριηράρχους
519 1042 803 1093 ἐξαιτήσεσθαι
842 1042 903 1082 καὶ
941 1040 1182 1093 λιπαρήσειν
1221 1040 1313 1093 παρ’
1346 1042 1453 1092 ὑμῶν

121 1111 252 1157 αὐτόν,
281 1113 412 1153 αὑτοῖς
442 1109 648 1161 ἀξιοῦντας
682 1112 844 1159 δοθῆναι
871 1108 942 1158 τὴν
981 1108 1098 1161 χάριν
1131 1108 1289 1159 ταύτην.
1364 1108 1453 1160 περὶ

120 1180 174 1219 ὧν
202 1178 315 1218 οὐδὲν
348 1178 396 1218 ἂν
433 1179 579 1228 εἴποιμι
607 1176 702 1228 πρὸς
734 1177 832 1227 ὑμᾶς
868 1179 1049 1227 φλαῦρον
1073 1176 1151 1227 ἐγώ
1187 1176 1265 1223 (καὶ
1298 1177 1374 1227 γὰρ
1406 1174 1454 1215 ἂν

119 1244 357 1296 μαινοίμην)·
393 1243 485 1285 ἀλλ’
505 1245 529 1284 δι
556 1247 716 1296 θεωρεῖν
740 1244 851 1294 ὑμᾶς,
872 1244 966 1282 ὅταν
986 1242 1091 1282 οὗτοι
1117 1242 1293 1287 δέωνται,
1313 1245 1373 1282 δεῖ
1392 1243 1453 1282 καὶ

119 1312 365 1365 λογίζεσθαι,
391 1310 498 1352 ταῦτ’
530 1312 618 1364 ἐρῶ.
691 1309 929 1361 ἐνθυμεῖσθ’,
963 1307 991 1348 ὧ
1022 1309 1160 1361 ἄνδρες
1194 1310 1390 1354 δικασταί,
1419 1310 1451 1349 εἰ

121 1379 301 1431 γένοιντο
325 1379 361 1429 (ὃ
385 1378 438 1430 μὴ
464 1377 610 1431 γένοιτ’
631 1377 710 1418 οὐδ’
731 1374 861 1425 ἔσται)
883 1377 989 1416 οὗτοι
1016 1377 1139 1427 κύριοι
1163 1379 1232 1426 τῆς
1252 1376 1453 1417 πολιτείας

120 1448 218 1497 μετὰ
256 1446 423 1486 Μειδίου
460 1446 521 1486 καὶ
558 1449 635 1485 τῶν
672 1445 818 1495 ὁμοίων
856 1444 993 1498 τούτῳ,
1023 1444 1088 1483 καί
1127 1460 1184 1484 τις
1223 1444 1331 1493 ὑμῶν
1373 1446 1452 1482 τῶν

121 1517 286 1554 πολλῶν
313 1513 374 1553 καὶ
400 1515 620 1564 δημοτικῶν
645 1512 828 1563 ἁμαρτὼν
847 1512 902 1552 εἵς
926 1527 1014 1550 τινα
1037 1510 1197 1556 τούτων,
1224 1510 1276 1561 μὴ
1302 1509 1450 1549 τοιαῦθ’

121 1581 184 1619 οἶα
210 1581 378 1621 Μειδίας
399 1581 453 1621 εἰς
472 1579 553 1630 ἐμέ,
576 1579 669 1619 ἀλλ’
689 1580 820 1618 ὁτιοῦν
839 1577 954 1624 ἄλλο,
977 1578 1033 1619 εἰς
1059 1576 1314 1628 δικαστήριον
1335 1577 1453 1616 εἰσίοι

121 1646 432 1699 πεπληρωμένον
462 1648 505 1686 ἐκ
535 1646 697 1691 τούτων,
725 1646 831 1686 τίνος
864 1644 1102 1696 συγγνώμης
1139 1641 1162 1693 ἢ
1192 1645 1299 1685 τίνος
1329 1644 1453 1695 λόγου

121 1718 254 1766 τυχεῖν
274 1713 322 1754 ἂν
342 1715 495 1760 οἵεσθε,·
525 1713 627 1765 ταχύ
651 1712 687 1765 γ’
706 1711 754 1752 ἂν
773 1713 1022 1764 χαρίσαιντο,
1045 1710 1089 1750 οὐ
1110 1710 1204 1763 γάρ;
1232 1707 1254 1760 ἢ
1275 1710 1452 1760 δεηθέντι

121 1798 173 1835 τῳ
192 1785 270 1821 τῶν
289 1784 453 1821 πολλῶν
473 1782 732 1832 προσσχοῖεν,
755 1778 848 1818 ἀλλ’
868 1779 935 1818 οὐκ
957 1777 1004 1818 ἂν
1022 1777 1166 1819 εὐθέως
1187 1779 1335 1817 εἴποιεν
1357 1780 1366 1794 ‘
1384 1777 1452 1817 τὸν

546 1846 576 1860 ‘x’

63 1862 97 1882 Δ·
121 1849 163 1887 δὲ
190 1847 414 1898 βάσκανον,
441 1847 510 1887 τὸν
544 1860 563 1886 ο
610 1848 790 1898 ὄλεθρον,
817 1849 956 1885 τοῦτον
988 1845 1021 1884 δ’
1046 1845 1234 1896 ὑβρίζειν,
1262 1845 1452 1884 ἀναπνεῖν

121 1912 181 1961 δέ;
221 1913 265 1954 ’ὃν
302 1915 337 1954 εἴ
371 1931 430 1955 τις
466 1915 511 1968 ἐᾷ
549 1913 630 1964 ζῆν,
659 1914 817 1965 ἀγαπᾶν
854 1911 957 1958 δεῖ;’
987 1911 1038 1962 μὴ
1077 1913 1221 1956 τοίνυν,
1249 1908 1278 1950 ὦ
1315 1910 1452 1961 ἄνδρες

120 1980 336 2031 Ἀθηναῖοι,
368 1981 520 2022 τούτοις
549 1985 630 2022 τοῖς
663 1981 763 2019 οὕτω
802 1978 1073 2031 χρησαμένοις
1103 1977 1151 2017 ἂν
1189 1979 1280 2027 ὑμῖν
1319 1977 1452 2018 ἄλλως

121 2064 204 2089 πως
239 2047 344 2100 ἔχεθ’
381 2049 501 2098 ὑμεῖς,
539 2049 637 2097 μηδὲ
673 2046 741 2086 τὸν
778 2049 952 2085 πλοῦτον
987 2047 1084 2095 μηδὲ
1121 2044 1191 2093 τὴν
1229 2043 1346 2094 δόξαν
1381 2043 1452 2091 τὴν

121 2114 269 2154 τούτων
295 2114 521 2164 θαυμάζετε,
544 2113 635 2154 ἀλλ’
661 2115 758 2164 ὑμᾶς
783 2112 936 2153 αὐτούς.
998 2113 1132 2151 πολλὰ
1157 2111 1310 2151 τούτοις
1335 2109 1451 2162 ἀγάθ’

165 2234 208 2255 20
232 2225 401 2265 ἀνθρώπων
417 2229 494 2263 post
511 2226 692 2263 δημοτικῶν
708 2222 781 2252 add.
804 2221 827 2252 S
845 2222 885 2252 al.
905 2232 911 2250 ἰ
935 2231 1000 2250 om.
1022 2221 1047 2250 F
1242 2230 1283 2250 22
1307 2219 1409 2261 λόγου
1427 2219 1451 2251 S

122 2268 236 2298 solus:
263 2268 355 2299 ἐλέου
370 2268 472 2307 vulg„
493 2267 534 2298 cf.
556 2272 591 2304 ἐξ
610 2278 663 2306 90,
688 2276 747 2304 105
924 2275 966 2303 23
990 2265 1010 2302 ἢ
1027 2263 1170 2302 δεηθέντι
1188 2263 1242 2294 A:
1267 2266 1451 2301 οὐδεηθεντι

122 2310 147 2342 S
166 2311 234 2350 (ουδ
251 2322 270 2341 a
287 2321 385 2348 corta,
406 2317 440 2341 ut
457 2311 626 2349 videtur):
654 2311 692 2348 δὴ
709 2307 854 2347 δεηθέντι
874 2307 899 2337 F
1010 2318 1050 2346 24
1075 2310 1276 2349 προσσχοῖεν
1295 2307 1450 2337 Bekker:

121 2367 297 2395 προσχοιεν
322 2354 369 2384 S:
400 2354 576 2395 πρόσχοιεν
601 2354 692 2384 OF:
725 2352 918 2393 προσέχοιεν
943 2350 973 2380 Α
998 2351 1038 2381 al.
1132 2352 1170 2382 ἂν
1196 2351 1307 2382 εὐθέως
1332 2353 1451 2382 εἴποιεν

121 2407 186 2428 om.
206 2398 235 2427 A
249 2397 274 2427 F
364 2399 405 2427 26
429 2401 479 2430 δεῖ
494 2398 517 2428 S
530 2397 560 2427 O
574 2397 597 2427 P
611 2409 619 2424 .-
645 2397 708 2428 ἔδει
725 2396 815 2434 vulg.
916 2394 958 2424 28
982 2395 1124 2424 alterum
1143 2395 1203 2432 τὴν
1220 2404 1282 2424 om.
1302 2393 1326 2424 S
1338 2393 1368 2423 Y
1381 2393 1411 2424 O
1425 2393 1453 2424 P

166 2462 351 2489 mamosns,
370 2461 447 2482 v0L.
471 2462 505 2482 11.
1302 2452 1318 2479 b

1483 322 1501 346 ω

1505 322 1526 344 0

1531 321 1547 353 κι

1483 914 1550 947 208

1484 1321 1551 1356 209
