1737 2734
112 137 224 190 [536]
683 139 1172 178 ΔΗΜΟΣΘΕΝΟΎΣ
1499 135 1585 191 [xx1

257 242 318 281 καὶ
334 244 401 292 τῆς
419 244 527 292 νίκης
547 242 941 294 προσαπεστερήθην.
993 244 1117 283 καίτοι
1133 247 1256 284 πᾶσιν
1272 245 1362 293 ὑμῖν
1380 245 1456 296 ἐγὼ
1472 248 1586 285 τοῦτο

254 307 367 358 δείξω
394 313 547 360 σαφῶς,
576 310 635 348 ὅτι
660 312 782 359 μηδὲν
809 311 981 361 ἀσελγὲς
1008 309 1101 360 ἐξῆν
1126 313 1298 350 ποιοῦντι
1326 311 1472 364 Μειδίᾳ
1495 311 1584 361 μηδ’

254 375 454 426 ὑβρίζοντι
472 378 569 425 μηδὲ
590 376 775 415 τύπτοντι
797 377 860 416 καὶ
880 380 1021 416 λυπεῖν
1043 378 1109 426 ἐμὲ
1135 378 1196 416 καὶ
1217 378 1313 416 κατὰ
1333 377 1422 418 τοὺς
1441 377 1585 427 νόμους

253 442 356 495 αὐτῷ
406 444 705 493 φιλοτιμεῖσθαι
755 446 850 493 πρὸς
900 444 1010 493 ὑμᾶς,
1063 443 1125 482 καὶ
1171 445 1268 494 μηδὲ
1320 446 1449 494 διᾶραι
1495 445 1584 495 περὶ

174 513 219 547 68
255 507 371 547 αὐτοῦ
408 508 452 547 τὸ
489 508 604 558 στόμ’
642 508 749 561 ἔχειν
787 508 867 558 ἐμέ.
942 510 1063 562 ἐχρῆν
1099 511 1175 561 ’γὰρ
1212 509 1341 555 αὐτόν,
1380 508 1409 549 ὦ
1446 509 1583 561 ἄνδρες

251 573 466 624 Ἀθηναῖοι,
507 574 562 614 ὅτ’
600 576 677 626 ἐγὼ
714 577 784 625 τῆς
822 577 1083 617 Πανδιονίδος
1120 575 1292 627 χορηγὸς
1327 576 1503 626 ὑπέστην
1540 578 1582 617 ἐν

249 643 302 694 τῷ
352 639 471 694 δήμῳ,
515 642 604 681 τότε
652 643 719 690 τῆς
764 641 1004 698 Ἐρεχθῇδος
1049 641 1290 687 ἀναστάντα,
1335 645 1403 692 τῆς
1445 645 1582 682 ἑαυτοῦ

250 709 392 758 φυλῆς,
431 708 738 757 ἀνθυποστῆναι,
781 709 842 748 καὶ
886 707 1185 758 καταστήσανθ’
1229 708 1366 748 ἑαυτὸν
1409 707 1454 758 ἐξ
1493 710 1582 749 ἴσου

250 773 312 813 καὶ
349 775 396 813 τὰ
428 773 508 814 ὅντ’
535 774 793 814 ἀναλίσκονθ’
825 775 960 826 ὥσπερ
999 775 1088 826 ἐγώ,
1117 776 1217 815 οὕτω
1254 775 1294 825 μ’
1325 776 1583 826 ἀφαιρεῖσθαι

248 839 320 889 τὴν
363 842 485 890 νίκην,
525 841 700 891 ὑβρίζειν
743 843 783 881 δὲ
828 845 987 880 τοιαῦτα
1033 842 1093 880 καὶ
1138 842 1298 881 τύπτειν
1339 843 1435 891 μηδὲ
1477 842 1579 881 τότε.

174 912 218 953 69
249 910 317 946 νῦν
346 909 386 946 δὲ
421 911 533 947 τοῦτο
569 910 641 957 μὲν
668 908 735 948 οὐκ
767 908 968 957 ἐποίησεν,
999 909 1040 947 ἐν
1076 906 1102 961 ᾧ
1130 908 1198 948 τὸν
1235 910 1358 957 δῆμον
1396 909 1580 957 ἐτίμησεν

249 973 308 1019 ἄν,
349 973 428 1012 οὐδ’
472 974 748 1014 ἐνεανιεύσατο
796 978 974 1014 τοιοῦτον
1018 974 1145 1014 οὐδέν·
1196 975 1280 1024 ἐμοὶ
1328 974 1374 1019 δ’,
1413 973 1455 1015 ὃς
1504 977 1580 1014 εἴτε

248 1055 318 1085 τις,
353 1038 382 1079 ὦ
420 1040 556 1091 ἄνδρες
591 1040 806 1090 Ἀθηναῖοι,
843 1041 1036 1091 βούλεται
1072 1042 1234 1091 νομίσαι
1270 1042 1412 1091 μανίαν
1446 1040 1581 1091 (μανία

249 1108 323 1158 γὰρ
355 1108 450 1148 ἴσως
478 1108 588 1147 ἐστὶν
615 1109 712 1158 ὑπὲρ
742 1107 904 1157 δύναμίν
931 1124 968 1146 τι
995 1108 1146 1153 ποιεῖνλ,
1175 1109 1252 1147 εἴτε
1280 1108 1342 1147 καὶ
1374 1108 1581 1161 φιλοτιμίᾳ

108 1172 213 1226 [537]
247 1174 418 1225 χορηγὸς
456 1173 645 1223 ὑπέστην,
692 1175 790 1213 οὕτω
831 1178 1012 1225 φανερῶς
1052 1175 1114 1213 καὶ
1162 1177 1310 1225 μιαρῶς
1355 1173 1581 1224 ἐπηρεάζων
1624 1193 1638 1222 5

247 1241 601 1291 παρηκολούθησεν
639 1241 743 1280 ὥστε
778 1243 876 1290 μηδὲ
913 1244 990 1279 τῶν
1029 1243 1141 1291 ἱερῶν
1183 1241 1346 1290 ἱματίων
1381 1242 1477 1290 μηδὲ
1513 1244 1581 1280 τοῦ

246 1310 367 1359 χοροῦ
402 1310 498 1357 μηδὲ
536 1311 603 1346 τοῦ
640 1308 822 1357 σώματος
858 1309 911 1347 τὼ
948 1311 1055 1360 χεῖρε
1094 1310 1289 1347 τελευτῶν
1323 1306 1580 1359 ἀποσχέσθαι

245 1390 331 1422 μου.

171 1455 215 1485 70
315 1442 361 1480 El
387 1442 519 1481 τοίνυν
544 1458 601 1482 τις
627 1442 746 1491 ὑμῶν,
769 1439 798 1480 ὦ
827 1440 965 1492 ἄνδρες
991 1439 1207 1490 Ἀθηναῖοι,
1230 1439 1362 1481 ἄλλως
1387 1456 1469 1482 πως
1494 1440 1578 1492 ἔχει

244 1506 313 1556 τὴν
333 1507 454 1559 ὀργὴν
476 1508 540 1548 ἐπὶ
569 1509 737 1547 Μειδίαν
766 1504 786 1556 ἶ]
816 1507 866 1548 ὡς
892 1507 981 1547 δέον
1001 1506 1119 1546 αὑτὸν
1144 1506 1340 1551 τεθνάναι,
1363 1507 1429 1545 οὐκ
1455 1507 1579 1557 ὀρθῶς

243 1574 337 1626 ἔχει.
399 1575 442 1614 οὐ
470 1574 544 1626 γάρ
571 1576 659 1614 ἐστι
686 1575 839 1614 δίκαιον
860 1574 948 1614 οὐδὲ
975 1576 1178 1625 προσῆκον
1197 1573 1268 1622 τὴν
1288 1577 1355 1612 τοῦ
1382 1573 1578 1614 παθόντος

243 1640 458 1691 εὐλάβειαν
492 1645 544 1695 τῷ
577 1644 699 1691 μηδὲν
734 1640 1060 1694 ὑποστειλαμένῳ
1095 1639 1190 1692 πρὸς
1223 1640 1340 1691 ὕβριν
1372 1638 1495 1691 μερίδ’
1523 1641 1577 1680 εἰς

244 1709 443 1758 σωτηρίαν
460 1708 663 1761 ὑπάρχειν,
684 1709 790 1747 ἀλλὰ
810 1707 877 1747 τὸν
893 1710 966 1757 μὲν
984 1707 1034 1747 ὡς
1052 1706 1236 1746 ἁπάντων
1253 1710 1330 1746 τῶν
1348 1705 1577 1756 ἀνηκέστων

243 1776 369 1814 α’ίτιον
396 1774 577 1824 κολάζειν
605 1773 812 1826 προσήκει,
840 1778 892 1828 τῷ
919 1773 951 1813 ’δ’
977 1775 1041 1813 ἐπὶ,
1067 1777 1134 1812 τοῦ
1160 1776 1322 1823 βοηθεῖν
1349 1772 1578 1813 ἀποδιδόναι

242 1906 361 1957 μένου
392 1908 542 1948 πώποτ’
569 1908 727 1949 οὐδενὸς
760 1909 802 1947 ἐκ
832 1911 909 1947 τῶν
935 1907 1124 1946 τοιούτων
1154 1909 1282 1947 δεινοῦ
1312 1910 1364 1960 τῷ
1394 1907 1501 1960 λόγῳ
1533 1905 1578 1945 τὸ

244 1974 389 2026 πρᾶγμ’
420 1976 497 2026 ἐγὼ
530 1979 598 2015 νῦν
628 1977 722 2026 αἴρω
760 1975 821 2014 καὶ
856 1973 1037 2026 φοβερὸν
1066 1977 1176 2013 ποιῶ.
1249 1976 1403 2013 πολλοῦ
1435 1989 1481 2024 γε
1515 1973 1577 2012 καὶ

244 2044 312 2081 δεῖ.
384 2041 476 2081 ἀλλ’
512 2044 649 2082 ἴσασιν
681 2041 866 2086 ἅπαντες,
900 2043 932 2081 εἰ
963 2043 1004 2080 δὲ
1033 2039 1099 2090 μή,
1133 2042 1282 2080 πολλοί
1308 2057 1365 2092 γε,
1401 2040 1577 2078 Εὔθυνον

289 2161 306 2186 4
332 2152 401 2191 περὶ
420 2153 517 2182 αὑτοῦ
533 2152 571 2181 τὸ
589 2149 696 2188 στόμα
712 2149 742 2178 Α
759 2161 765 2179 ;
789 2151 828 2181 τὺ
846 2149 954 2187 στόμα
970 2149 1039 2190 περὶ
1058 2150 1154 2179 αὑτοῦ
1173 2148 1196 2178 S
1215 2148 1303 2187 vulg.
1477 2157 1495 2186 5
1523 2151 1577 2179 νῦν

246 2199 325 2223 ante
359 2195 448 2233 ἔχειν
480 2194 555 2224 add.
593 2193 706 2232 vulg:
746 2203 812 2222 om.
847 2192 913 2222 ΞΥ
1094 2202 1132 2222 10
1171 2191 1242 2223 οὐδὲ
1275 2191 1351 2223 τότε
1383 2192 1460 2222 edd.
1493 2196 1574 2222 vett.

252 2248 287 2266 12
321 2240 470 2268 τοιοῦτον
498 2236 590 2269 οὐδέν
618 2237 705 2275 vulg.
735 2236 758 2265 S
786 2249 865 2277 7p..·
899 2237 995 2267 τοῦτο
1023 2235 1047 2265 S
1075 2236 1167 2265 solus
1326 2245 1428 2273 13-14
1462 2235 1578 2273 μανίαν

247 2305 251 2309 .
320 2304 325 2310 .
359 2282 528 2322 φιλοτιμίᾳ
557 2280 705 2310 FYOP
734 2284 767 2309 et
798 2279 939 2310 (omisso
973 2293 980 2310 ι
1013 2279 1141 2309 subscr.
1172 2278 1206 2308 in
1235 2278 1417 2319 φιλοτιμίᾳ)
1450 2277 1473 2308 S
1501 2289 1574 2319 γρ.;

246 2324 340 2364 μανίᾳ
365 2347 371 2354 .
395 2347 400 2352 .
421 2348 427 2354 .
453 2324 621 2365 φιλοτιμίᾳ
638 2323 688 2354 A:
722 2324 837 2361 μανίαν
861 2347 868 2354 .
892 2348 897 2353 .
917 2347 923 2353 .
952 2323 1139 2362 φιλοτιμίαν
1156 2322 1196 2351 al.
1217 2327 1249 2351 et
1268 2322 1443 2351 rhetores:
1467 2322 1576 2360 μανεὶς

246 2391 251 2396 .
282 2391 288 2396 .
316 2391 322 2397 .
351 2368 531 2407 φιλοτιμίαι
557 2367 581 2397 S
606 2367 698 2397 solus
858 2376 901 2396 20
933 2369 967 2397 οὐ
995 2371 1073 2395 ante
1103 2366 1174 2396 δέον
1202 2365 1277 2395 add.
1306 2364 1422 2403 vulg:
1457 2374 1522 2394 om.
1551 2365 1575 2394 5

247 2411 339 2439 solus

1607 859 1642 880 10

1603 1527 1641 1546 2¹2>

169 1853 205 1884 sl
242 1841 314 1890 τὴν
342 1840 472 1894 χάριν.
545 1841 633 1882 οὐδὲ
659 1843 732 1893 γὰρ
762 1841 808 1881 αὗ
834 1840 938 1880 τοῦτ’
965 1841 1076 1880 ἔστιν
1103 1841 1240 1885 εἰπεῖν,
1268 1840 1318 1882 ὡς
1344 1841 1387 1880 οὑ
1413 1856 1575 1891 γεγενη-
1601 1859 1636 1890 25
