1737 2734
158 123 228 176 xx]
547 128 709 165 ΠΡΟΣ
757 128 1098 166 AEHTINHN
1523 126 1640 183 [488]

156 232 334 273 καταθεὶς
359 231 431 281 τὴν
455 231 657 283 ὠφέλειαν
688 231 914 284 ἐφάμιλλον
944 230 1094 287 ποιήσῃ
1125 231 1170 271 τὸ
1200 235 1328 272 ποιεῖν
1360 231 1486 282 ἀλλή-

152 305 246 340 λους
272 298 326 343 εὖ,
355 298 405 338 σὺ
430 300 471 338 δὲ
496 298 725 338 τούναντίον
751 297 1012 351 εἰσενήνοχας
1041 298 1093 349 μὴ
1122 297 1267 348 ἐξεῖναι
1296 302 1348 353 τῷ
1380 298 1487 353 δήμῳ
1524 314 1586 349 103

151 370 230 405 τῶν
266 366 383 405 αὑτοῦ
420 368 553 405 δοῦναι
587 366 724 416 μηδενὶ
761 365 896 415 μηδέν,
938 369 1020 406 πῶς
1057 364 1105 405 σε’
1141 382 1200 406 τις
1237 363 1362 416 φήσει
1398 365 1487 407 τοὺς

153 433 337 473 Σόλωνος
362 431 628 483 ἀνεγνωκέναι
657 433 800 482 νόμους
826 429 848 481 ἦ
876 431 1073 478 συνιέναι,·
1112 431 1154 473 ὃς
1185 432 1331 483 ἔρημον
1361 436 1486 474 ποιεῖς

112 515 129 546 5
150 498 220 538 τὸν
245 500 368 548 δῆμον
393 502 471 538 τῶν
497 497 886 550 φιλοτιμησομένων,
914 498 1124 550 προλέγων
1156 498 1218 538 καὶ
1249 498 1400 541 δεικνὺς
1426 500 1486 539 ὅτι

149 569 231 607 τοῖς
257 565 408 617 ἀγαθόν
431 581 468 604 τι
493 569 675 605 ποιοῦσιν
700 564 780 605 οὐδ’
807 566 936 605 ὁτιοῦν
967 565 1081 605 ἔσται
1111 564 1247 606 πλέον.
1321 566 1384 606 καὶ
1407 565 1486 616 μὴν
1520 581 1585 614 104

151 633 328 673 κάκεῖνος
351 635 429 672 τῶν
456 636 586 673 καλῶς
619 632 841 672 δοκούντων
874 632 983 685 ἔχειν
1013 632 1144 682 νόμων
1170 632 1357 674 Σόλωνός
1382 633 1482 679 ἐστι,

147 698 199 749 μὴ
234 698 370 750 λέγειν
404 703 530 740 κακῶς
565 698 634 738 τὸν
667 701 874 743 τεθνεῶτα,
910 697 999 748 μηδ’
1033 697 1082 738 ἂν
1114 699 1189 738 ὑπὸ
1223 702 1300 738 τῶν
1334 700 1485 740 ἐκείνου

147 782 206 807 τις
231 765 352 821 ἀκούῃ
373 766 523 805 παίδων
543 764 671 807 αὐτός·
709 765 759 805 σὺ
785 767 827 806 δὲ
853 769 991 811 ποιεῖς,
1015 765 1059 805 οὐ
1084 763 1217 816 λέγεις
1244 769 1369 808 κακῶς
1394 766 1484 808 τοὺς

91 845 129 867 10
147 832 476 882 τετελευτηκότας
501 835 579 872 τῶν
605 831 832 884 εὐεργετῶν,
854 835 906 886 τῷ
932 834 1030 872 δεῖνι
1054 832 1311 884 μεμφόμενος
1331 832 1393 872 καὶ
1413 836 1482 873 τὸν

147 897 242 939 δεῖν’
279 897 442 949 ἀνάξιον
479 897 578 938 εἶναι
615 897 796 950 φάσκων,
831 899 886 938 ὧν
920 897 1033 938 οὐδὲν
1066 899 1232 939 ἐκείνοις
1265 901 1480 950 προσῆκεν.

146 964 207 1017 ἆρ’
233 964 279 1004 οὐ
303 964 405 1005 πολὺ
429 969 497 1005 τοῦ
523 965 707 1006 Σόλωνος
732 965 973 1006 ἀποστατεῖς
998 970 1046 1022 τῇ
1070 965 1226 1021 γνώμῃ,-

215 1031 327 1071 Πάνυ
352 1033 484 1072 τοίνυν
509 1035 663 1088 σπουδῇ
687 1048 746 1073 τις
775 1030 1009 1084 ἀπήγγελλέ
1035 1048 1102 1082 μοι
1126 1033 1216 1083 περὶ
1240 1036 1310 1072 τοῦ
1340 1033 1479 1084 μηδενὶ
1514 1042 1576 1081 105

145 1100 227 1138 δεῖν
250 1100 373 1149 μηδὲν
392 1099 555 1144 διδόναι,
581 1098 669 1149 μηδ’
689 1098 737 1138 ἂν
762 1099 893 1138 ὁτιοῦν
919 1097 1060 1154 πράξῃ,
1082 1099 1261 1139 τοιοῦτόν
1280 1115 1318 1139 τι
1341 1099 1478 1152 λέγειν

88 1178 123 1210 15
144 1164 285 1207 αὐτοὺς
309 1164 646 1217 παρεσκευάσθαι,
669 1165 720 1207 ὡς
745 1164 806 1216 ἄρ’
832 1167 868 1205 οἱ
889 1165 1193 1215 Λακεδαιμόνιοι
1210 1169 1340 1207 καλῶς
1359 1172 1474 1207 πολι-

143 1231 347 1282 τευόμενοι
390 1232 453 1272 καὶ
493 1234 675 1283 Θηβαῖοι
713 1231 845 1272 οὐδενὶ
882 1236 961 1271 τῶν
998 1231 1089 1284 παρ’
1129 1234 1282 1274 ἑαυτοῖς
1320 1234 1476 1274 διδόασι
1507 1229 1625 1286 [489]

142 1299 326 1348 τοιαύτην
351 1298 534 1350 οὐδεμίαν
552 1297 682 1350 τιμήν·
722 1300 848 1339 καίτοι
869 1299 930 1338 καὶ
950 1298 1041 1350 παρ’
1062 1300 1228 1341 ἐκείνοις
1246 1299 1350 1341 τινές
1371 1301 1475 1341 εἰσιν

141 1366 240 1407 ἴσως
265 1366 419 1416 ἀγαθοί.
482 1366 567 1416 ἐμοὶ
587 1367 629 1406 δὲ
648 1368 845 1412 δοκοῦσιν,
872 1363 901 1405 ὦ
927 1365 1065 1417 ἄνδρες
1091 1365 1306 1416 Ἀθηναῖοι,
1330 1366 1475 1409 πάντες

141 1433 177 1471 οἱ
196 1450 208 1471 ἰ
221 1435 366 1472 οιοῦτοι
386 1433 501 1484 λόγοι
522 1431 797 1484 παροξυντικοὶ
816 1433 889 1482 μὲν
906 1431 1006 1472 εῖναι
1026 1436 1122 1483 πρὸς
1141 1432 1185 1472 τὸ
1203 1434 1273 1474 τὰς
1293 1434 1475 1476 ἀτελείας

82 1512 122 1533 20
140 1499 239 1549 ὑμᾶς
273 1498 499 1551 ἀφελέσθαι
533 1503 682 1545 πεῖσαι,
709 1499 754 1539 οὐ
786 1497 922 1550 μέντοι
954 1499 1099 1539 δίκαιοί
1128 1499 1165 1551 γ’
1199 1499 1361 1556 οὐδαμῇ.
1428 1500 1474 1541 οὗ

141 1567 217 1617 γὰρ
246 1566 376 1618 ἀγνοῶ
407 1565 512 1605 τοῦθ’
539 1568 598 1606 ὄτι
625 1568 804 1616 Θηβαῖοι
835 1566 897 1605 καὶ
923 1567 1228 1616 Λακεδαιμόνιοι
1267 1567 1330 1606 καὶ
1360 1567 1473 1618 ἡμεῖς

140 1632 230 1672 οὔτε
254 1633 388 1683 νόμοις
414 1632 495 1673 οὔτ’
521 1633 654 1673 ἔθεσιν
679 1632 866 1685 χρώμεθα
890 1636 972 1674 τοῖς
997 1632 1127 1674 αὐτοῖς
1157 1633 1246 1673 οὔτε
1275 1635 1470 1688 πολιτείᾳ.

139 1699 234 1739 αὐτὸ
258 1700 334 1751 γὰρ
358 1703 472 1739 τοῦτο
502 1702 671 1750 πρῶτον,
699 1698 719 1739 ὃ
745 1702 813 1739 νῦν
842 1699 948 1738 οὗτοι
978 1698 1229 1749 ποιήσουσιν,
1257 1701 1326 1740 ἐὰν
1349 1704 1471 1741 ταῦτα
1505 1705 1571 1740 106

138 1765 328 1817 λέγωσιν,
363 1766 431 1806 οὐκ
465 1765 598 1817 ἔξεστι
634 1769 761 1806 ποιεῖν
798 1767 904 1816 παρὰ
936 1769 1019 1807 τοῖς
1051 1767 1387 1817 Λακεδαιμονίοις,
1423 1770 1470 1808 τὰ

80 1844 118 1876 25
137 1836 216 1872 τῶν
241 1832 462 1882 Ἀθηναίων
487 1834 663 1873 ἐπαινεῖν
682 1833 828 1883 νόμιμα
853 1832 941 1872 οὐδὲ
967 1834 1014 1872 τὰ
1039 1836 1117 1873 τῶν
1142 1833 1291 1880 δείνων,
1314 1838 1469 1875 πολλοῦ

138 1915 184 1951 γε
211 1899 272 1939 καὶ
297 1902 369 1945 δεῖ,
396 1899 488 1939 ἀλλ’
514 1900 537 1939 ἃ
561 1900 606 1955 τῇ
633 1899 723 1951 παρ’
745 1900 907 1941 ἐκείνοις
931 1901 1114 1953 πολιτείᾳ
1134 1899 1341 1953 συμφέρει,
1362 1902 1468 1941 ταῦτ’

138 1967 313 2007 ἐπαινεῖν
343 1966 493 2018 ἀνάγκη
521 1962 598 2016 [καὶ
628 1962 781 2016 ποιεῖν].
854 1965 939 2006 εἶτα
969 1966 1031 2005 καὶ
1058 1968 1361 2017 Λακεδαιμόνιοι
1390 1972 1468 2008 τῶν

135 2034 209 2082 μὲν
234 2033 422 2073 τοιούτων
448 2034 689 2085 ἀφεστᾶσιν,
716 2032 839 2072 ἄλλαι
869 2031 911 2072 δέ
939 2049 1043 2074 τινες
1074 2033 1164 2085 παρ’
1192 2035 1356 2075 ἐκείνοις
1388 2036 1467 2075 εἰσὶ

184 2152 222 2172 10
254 2141 288 2174 εὖ
315 2147 394 2172 ante
423 2141 702 2180 τετελευτηκότας
730 2141 805 2172 add.
833 2141 856 2170 S
885 2140 978 2171 Solus
1146 2152 1178 2172 11
1214 2143 1306 2174 οὐδὲν
1336 2144 1467 2176 ἐκείνοις

135 2187 297 2226 προσῆκεν
328 2186 425 2216 codd.
460 2188 591 2219 (tuetur
626 2185 706 2224 Fox,
734 2185 809 2215 coll.
841 2185 898 2214 Ar.
931 2185 1024 2214 Aves
1055 2186 1156 2223 959*
1198 2184 1343 2227 (οὐδεὶς)
1375 2187 1467 2218 οὐδὲν

137 2229 268 2260 ἐκείνοις
293 2229 446 2269 προσήκει
474 2229 608 2259 Dobree
775 2238 812 2266 13
845 2229 1037 2267 ἀπήγγελλε
1065 2229 1088 2258 S
1114 2239 1198 2259 corr.
1226 2240 1272 2268 pr.
1302 2240 1343 2260 m.
1377 2230 1465 2260 FY:

136 2272 318 2312 ἀπήγγειλε
338 2272 363 2302 L
381 2271 437 2310 al„
458 2272 498 2303 cf.
519 2273 577 2302 xxi
595 2273 647 2311 36,
668 2271 713 2301 liv
732 2272 774 2309 38
938 2272 975 2300 18
1000 2271 1153 2310 522v01g,
1175 2273 1215 2302 cf.
1238 2276 1274 2309 §§
1297 2283 1367 2311 112,
1393 2284 1464 2312 120,

138 2324 197 2352 125
214 2326 220 2344 ε
245 2317 282 2353 δὴ
301 2315 324 2344 S
340 2315 449 2345 LAY
462 2315 490 2345 O
506 2315 532 2345 P
704 2317 809 2354 26-27
835 2315 926 2346 ταῦτ’
946 2338 953 2344 .
973 2338 979 2344 .
1001 2338 1009 2345 .
1026 2314 1144 2355 ποιεῖν]
1163 2315 1252 2348 ταῦτ’
1272 2316 1396 2357 ἀνάγκη
1413 2320 1464 2349 καὶ

137 2358 276 2389 ἐπαινεῖν
293 2359 400 2388 Cobet
556 2369 596 2397 27
622 2360 673 2390 καὶ
691 2361 792 2390 ποιεῖν
809 2357 890 2388 secl.
912 2357 1077 2397 Hirschig
1226 2360 1266 2389 28
1294 2362 1371 2391 ἐθῶν
1389 2366 1463 2399 post

135 2408 288 2432 τοιούτων
303 2402 377 2432 add.
398 2402 485 2441 vulg.
505 2414 511 2432 :
536 2412 600 2433 om.
622 2402 688 2432 SA

179 2464 339 2486 DEMOSTH
355 2480 363 2494 ,
381 2466 457 2486 VOL.
478 2467 513 2488 11.
1314 2459 1331 2488 3
