1737 2734
183 152 272 207 xm]
604 157 765 194 ΚΑΤΑ
814 155 1088 194 ΜΕΙΔΙΟΎ
1548 152 1662 206 [530]

182 261 245 301 καὶ
283 264 620 313 στεφανηφορεῖν.
692 260 893 313 ἀνάγνωθι
927 259 968 300 δέ
1007 276 1072 311 μοι
1108 259 1252 310 λαβὼν
1291 258 1410 300 αὐτὰς
1446 258 1516 298 τὰς
1549 268 1590 303 52

180 329 378 378 μαντείας.

742 443 953 470 MANTEIAI.
1548 420 1650 475 [531]

344 510 449 548 Αὐδῶ
478 509 768 560 Ἐρεχθείδῃσιν,
800 510 884 547 ὅσοι
915 509 1119 549 Πανδίονος
1148 510 1245 546 ἅστυ

141 580 156 610 5
343 565 460 602 ναίετε
491 565 550 602 καὶ
579 565 768 613 πατρίοισι
799 565 923 613 νόμοις
954 562 1086 601 ἰθύνεθ’
1115 564 1252 612 ἑορτάς,

341 618 555 668 μεμνῆσθαι
585 619 760 668 Βάκχοιο,
792 619 852 655 καὶ
882 618 1100 668 εὐρυχόρους
1129 617 1206 654 κατ’
1235 618 1364 668 ἀγυιὰς

345 674 491 711 ἱστάναι
521 673 660 722 ὡραίων
690 673 838 723 Βρομίῳ
866 673 975 722 χάριν
1004 673 1149 723 ἄμμιγα
1177 672 1328 716 πάντας,

344 728 403 764 καὶ
433 730 563 765 κνισᾶν
591 728 760 776 βωμοῖσι
789 728 882 775 κάρη
913 727 1114 774 στεφάνοις
1143 727 1392 765 πυκάσαντας.

234 815 328 864 Περὶ
348 816 484 867 ὑγιείας
512 815 610 853 θύειν
631 815 690 852 καὶ
719 814 895 865 εὔχεσθαι
916 815 978 851 Διὶ
1003 815 1141 865 ὑπάτῳ,
1163 812 1352 862 (Ηρακλεῖ,
1374 812 1514 850 Ἀπόλ-

122 889 159 910 ῐο
177 872 267 908 λωνι
287 870 558 920 προστατηρίῳ
589 870 673 918 περὶ
698 870 812 920 τύχας
837 869 978 920 ἀγαθᾶς
998 867 1212 906 Ἀπόλλωνι
1233 870 1362 919 ἀγυιεῖ,
1384 869 1512 910 Λατοῖ,

178 923 375 973 Ἀρτέμιδι,
409 925 469 961 καὶ
504 921 580 961 κατ’
615 924 743 975 ἀγυιὰς
782 925 963 972 κρατῆρας
999 923 1155 972 ἱστάμεν
1189 922 1249 959 καὶ
1282 921 1415 972 χοροὺς
1454 921 1513 958 καὶ

178 980 481 1027 στεφαναφορεῖν
515 979 630 1015 καττὰ
667 979 804 1026 πάτρια
840 977 935 1016 θεοῖς
973 976 1193 1026 Ὀλυμπίοις
1231 977 1418 1014 πάντεσσι
1454 975 1513 1012 καὶ

177 1034 327 1078 πάσαις,
345 1033 496 1072 Τῖδίαςῆ·
512 1032 630 1077 δεξιὰς
646 1033 706 1070 καὶ
722 1033 917 1082 ἀριστερὰς
930 1032 1165 1082 ἀνίσχοντας,
1182 1031 1241 1068 καὶ
1256 1030 1512 1080 μνασιδωρεῖν.

583 1175 636 1201 ΕΚ
668 1173 870 1202 ΔΩΔΩΝΗΣ
904 1173 1114 1200 ΜΑΝΤΕῙΑῙ.

122 1264 157 1294 ¹5
233 1250 293 1300 Τῷ
317 1249 418 1299 δήμῳ
445 1250 496 1299 τῷ
522 1247 726 1296 Ἀθηναίων
754 1249 773 1285 ὁ
796 1249 861 1285 τοῦ
888 1247 978 1286 Διὸς
1005 1247 1189 1295 σημαίνει.
1248 1246 1303 1283 ὅτι
1329 1246 1393 1285 τὰς
1421 1246 1513 1294 ὥρας
1546 1257 1587 1293 53

177 1303 430 1355 παρηνέγκατε
445 1305 510 1351 τῆς
527 1303 656 1342 θυσίας
679 1302 738 1339 καὶ
757 1303 822 1350 τῆς
839 1301 1000 1351 θεωρίας,
1017 1301 1180 1350 αἱρετοὺς
1199 1301 1358 1350 πέμπειν
1373 1301 1513 1337 κελεύει

179 1358 335 1407 θεωροὺς
365 1358 468 1396 ἕνεκα
495 1358 626 1395 τούτου
654 1357 874 1407 διαταχέων,
909 1353 1005 1407 (καὶ)
1034 1358 1084 1406 τῷ
1112 1356 1175 1392 Διὶ
1200 1356 1252 1405 τῷ
1284 1355 1388 1404 Ναΐῳ
1415 1357 1513 1403 τρεῖς

176 1413 271 1460 βοῦς
290 1412 350 1449 καὶ
370 1413 460 1461 πρὸς
481 1413 624 1462 ἑκάστῳ
645 1411 711 1459 βοὶΙ
732 1411 795 1448 δύο
815 1410 878 1453 οἶς,
900 1411 947 1460 τῇ
963 1410 1086 1459 Διώνῃ
1101 1410 1197 1458 βοῦν
1214 1410 1433 1457 καλλιερεῖν,
1452 1409 1511 1445 καὶ

177 1467 361 1515 τράπεζαν
384 1468 532 1517 χαλκῆν
556 1463 645 1518 [καὶ]
669 1465 760 1514 πρὸς
785 1465 829 1502 τὸ
854 1464 1026 1514 ἀνάθημα
1053 1463 1072 1501 ὃ
1099 1464 1275 1512 ἀνέθηκεν
1303 1465 1323 1501 ὁ
1353 1463 1467 1512 δῆμος
1492 1464 1512 1500 ὁ

120 1537 158 1557 20
177 1519 392 1569 Ἀθηναίων.

231 1573 274 1612 ‘O
307 1578 371 1613 τοῦ
402 1575 490 1614 Διὸς
524 1574 697 1623 σημαίνει
732 1577 769 1612 ἐν
800 1573 971 1623 Δωδώνῃ,
1005 1574 1177 1623 Διονύσῳ
1209 1572 1397 1621 δημοτελῆ
1434 1573 1510 1620 ἱερὰ

222 1692 240 1719 4
277 1681 520 1723 Ἐρεχθείδῃσιν
554 1680 680 1711 Meier:
719 1682 922 1720 ερεχθιδεσσι
956 1678 1002 1709 S:
1039 1678 1293 1720 Ἐρεχθείδαισιν
1324 1677 1508 1707 Buttmann

179 1735 194 1763 7
221 1726 335 1765 ὡραῖον
353 1749 359 1756 .
381 1749 387 1755 .
410 1749 416 1756 .
439 1726 537 1765 χορὸν
556 1723 810 1762 Hemsterhuys
827 1735 834 1754 z
858 1723 959 1764 ὡραίῳ
973 1747 979 1753 .
998 1746 1004 1752 .
1024 1747 1029 1753 .
1048 1723 1147 1763 χορὸν
1166 1721 1292 1751 Meier:
1319 1721 1435 1762 ὡραίαν
1449 1745 1455 1750 .
1474 1744 1480 1751 .
1499 1745 1506 1751 .

177 1768 274 1809 χάριν
300 1769 437 1807 Sauppe
611 1778 648 1797 12
681 1769 941 1807 στεφαναφορεῖν
968 1765 1089 1795 Blass:
1124 1767 1384 1806 στεφανηφορεῖν
1409 1764 1505 1794 codd.

178 1813 282 1844 καττὰ
300 1811 482 1842 Buttmann
499 1811 555 1842 (cf.
569 1811 640 1840 xliii
652 1812 728 1840 661:
753 1810 879 1842 κατατὰ
897 1809 940 1841 S:
967 1811 1049 1841 κατὰ
1068 1809 1098 1839 Y
1112 1809 1138 1838 P
1228 1813 1303 1847 post
1322 1808 1509 1846 Ὀλυμπίοις

178 1855 253 1886 sort.
273 1855 465 1885 addendum
484 1857 535 1886 καὶ
554 1855 745 1892 Ὀλυμπίαις
761 1864 836 1883 cum
854 1853 923 1882 xliii
941 1855 983 1883 66
1001 1853 1100 1883 Blass
1216 1862 1253 1890 13
1277 1850 1393 1883 πάσαις
1412 1851 1506 1891 ἰδίας]

178 1899 252 1928 fort.
274 1898 408 1930 πάσαισι
433 1901 500 1930 διας
541 1898 559 1928 ἰ,
576 1908 603 1927 e.
629 1900 744 1938 δεξιὰς)
772 1897 919 1926 Shilleto
1026 1897 1104 1928 ἰδίας
1129 1905 1194 1926 om.
1217 1895 1290 1925 xliii
1315 1896 1380 1924 66:
1413 1895 1508 1926 ἰθείας

179 1942 384 1972 Buttmann:
411 1942 501 1973 ὁσίας
521 1941 636 1971 VVols:
661 1941 753 1972 λιτὰς
771 1940 861 1970 Weil
1022 1942 1061 1970 16
1084 1938 1324 1979 παρηνέγκατε]
1344 1938 1507 1978 παρήκατε

178 1986 287 2016 Cobet
435 1995 470 2022 17
498 1985 592 2016 ἕνεκα
607 1985 725 2016 τούτου
744 1984 927 2014 Buttmann
943 1995 949 2013 ε
977 1983 1068 2015 ἐννέα
1084 1984 1135 2015 καὶ
1152 1982 1271 2014 τούτου
1286 1982 1361 2013 τοὺς
1380 1982 1403 2012 S
1418 1981 1445 2010 Y
1460 1981 1485 2010 F
1501 1992 1507 2011 :

178 2030 269 2061 ἐννέα
293 2029 344 2061 καὶ
369 2029 501 2060 τούτους
525 2028 615 2066 vulg.
746 2029 796 2059 καὶ
822 2028 897 2057 add.
927 2027 1067 2057 Boeckh
1095 2027 1148 2066 (C.
1178 2026 1281 2056 lnscr.
1312 2024 1341 2054 ΙΙ
1367 2035 1397 2064 p.
1426 2025 1506 2063 579)

177 2076 221 2113 τῷ
245 2073 330 2112 Ναΐῳ
348 2075 431 2113 τρεῖς
451 2071 635 2101 Buttmann
657 2071 712 2111 (cf.
735 2071 858 2102 Inscrr.
881 2070 1087 2101 Dodonaeas
1110 2075 1168 2101 ΔΙΙ
1191 2074 1317 2107 ΝΑῙΩΙ,
1338 2073 1370 2098 et
1395 2068 1502 2098 Bekk.

175 2115 307 2147 Anecd.
329 2126 360 2154 p.
382 2116 444 2154 283
461 2126 467 2145 z
492 2129 556 2147 των
575 2128 636 2156 αρω
653 2128 720 2155 τρις
739 2114 762 2144 S
779 2125 786 2144 t
809 2118 855 2154 τῷ
878 2128 959 2155 ναρω
979 2117 1064 2155 τρεῖς
1084 2113 1150 2153 (vel
1173 2113 1311 2151 similia)
1333 2116 1411 2142 cett.
1430 2122 1435 2140 z
1461 2115 1506 2151 τῷ

176 2161 210 2191 ἐν
226 2159 356 2200 Τομάρῳ
373 2162 457 2199 τρεῖς
477 2158 643 2197 Spalding
800 2158 837 2187 18
862 2160 920 2195 βοῒ
933 2157 987 2189 δύο
1005 2158 1050 2189 οῖς
1070 2157 1203 2187 Dobree
1221 2168 1227 2186 :
1252 2156 1306 2188 δύο
1323 2159 1464 2192 βοησεισ
1481 2154 1505 2185 S

177 2203 306 2233 (addito
323 2217 331 2233 ι
350 2204 437 2232 inter
454 2215 469 2233 ο
487 2207 519 2232 et
536 2215 556 2239 η
574 2211 623 2240 pr.
640 2201 722 2237 πηός
752 2201 805 2233 δύο
823 2201 966 2238 βοιήσεις
984 2201 1080 2231 codd.
1096 2205 1174 2230 cett.
1267 2201 1308 2241 τῇ
1327 2199 1350 2229 S
1364 2198 1389 2228 F
1401 2198 1442 2227 Y¹
1458 2198 1503 2230 P:

174 2248 214 2288 τῇ
233 2245 266 2277 δὲ
285 2247 324 2276 al.
535 2248 719 2286 καλλιερεῖν
738 2244 876 2283 Sauppe
893 2256 899 2274 :
924 2245 975 2276 καὶ
994 2245 1080 2275 ἄλλα.
1098 2246 1194 2283 ἱερεῖα
1210 2243 1306 2274 codd.
1326 2254 1331 2272 :
1358 2242 1409 2274 καὶ
1427 2242 1506 2283 ἄρνα

174 2290 272 2327 ἱερεῖα
303 2288 442 2319 Boeckh
623 2299 661 2327 19
692 2290 742 2320 καὶ
782 2289 862 2319 secl.
899 2287 1028 2317 Reiske
1206 2297 1215 2315 ι’
1286 2291 1366 2316 ante
1399 2288 1416 2316 ὁ
1447 2287 1505 2316 τοῦ

174 2333 249 2365 Διὸς
266 2333 437 2363 excidisse
454 2337 548 2372 putat
566 2335 611 2372 τῷ
629 2333 718 2372 δήμῳ
735 2335 779 2372 τῷ
796 2332 970 2368 Ἀθηναίων
988 2330 1086 2361 Blass
1102 2343 1108 2360 :
1173 2357 1191 2361 Α,
1314 2330 1351 2358 ;,>’”’
1411 2328 1501 2359 weil

175 2378 338 2415 δημοτελῆ
356 2377 423 2417 ἱερὰ
439 2378 548 2407 τελεῖν
566 2375 752 2406 Buttmann
774 2375 832 2414 (cs.
848 2374 1000 2414 Hesych.
1020 2377 1183 2413 δημοτελῆ
1202 2375 1284 2415 ἱερά)
1299 2397 1304 2402 .
1330 2374 1506 2412 &umor-MT

174 2420 288 2460 ἱερεῖον
304 2419 433 2451 τέλειον
449 2420 546 2450 codd.
