1737 2734
161 161 259 216 704]

217 748 256 780 14

215 1346 253 1382 15

142 1734 253 1787 [705]

215 1808 254 1841 16

716 159 1202 198 ΔΙΙΜΟΣΘΕΝΟΎΣ
1498 158 1613 211 [xx1v

291 261 412 315 λέγω)
431 264 574 313 ἐβόων,
597 262 854 314 ἠγανάκτουν,
877 264 1165 314 ἐλοιδοροῦντο,
1186 262 1359 304 ἀπέλυον
1378 264 1467 306 τοὺς
1482 281 1610 317 τριηρ-

292 330 449 382 άρχους,
488 330 596 382 ἔχειν
633 329 877 381 ὡμολόγουν,
917 328 1006 380 παρ’
1045 331 1195 371 ἑαυτοῖς
1235 330 1361 380 ζητεῖν
1397 330 1531 381 ἠξίουν
1566 334 1613 371 τὰ

291 395 483 448 χρήματα.
555 395 660 435 ταῦτ’
690 395 944 436 ἀκουσάντων
973 397 1092 446 ὑμῶν,
1121 396 1254 446 ἐπειδή
1284 396 1370 436 ποτ’
1396 398 1613 438 ἐπαύσανθ’

291 463 397 502 οὗτοι
422 466 610 511 βοῶντες,
639 463 757 502 ἔδωκε
783 463 942 514 γνώμην
967 461 1180 513 Εὐκτήμων
1206 463 1257 505 ὡς
1275 463 1441 503 δυνατὸν
1466 467 1609 504 δικαιο-

290 529 422 578 τάτην,
450 530 548 579 ὑμᾶς
576 531 649 578 μὲν
683 529 934 577 εἰσπράττειν
964 529 1052 570 τοὺς
1083 529 1353 582 τριηράρχους,
1387 531 1550 572 ἐκείνοις
1580 531 1612 571 δ’
1634 550 1650 580 5

290 595 390 635 εἶναι
416 595 502 646 περὶ
528 595 655 635 αὐτῶν
680 597 735 636 εἷς
764 596 854 636 τοὺς
884 597 1048 647 ἔχοντας
1075 596 1294 647 ἀναφοράν·
1332 598 1401 636 ἐὰν
1431 596 1463 636 δ’
1489 598 1609 648 ἀμφι-

290 663 493 712 σβητῆταί
519 678 567 707 τι,
600 665 726 702 ποιεῖν
759 663 1018 707 διαδικασίαν,
1051 666 1120 702 τὸν
1153 662 1185 701 δ’
1216 663 1442 712 ἡττηθέντα,
1475 667 1612 703 τοῦτον

289 729 469 780 ὀφείλειν
488 734 535 785 τῇ
552 729 679 768 πόλει.
741 728 961 780 γράφονται
978 729 1022 768 τὸ
1038 728 1247 780 ψήφισμα·
1287 731 1341 770 εἰς
1360 731 1458 779 ὑμᾶς
1475 731 1611 779 εἰσῆλ-

289 798 368 835 θεν·
430 797 492 835 ἵνα
523 795 715 845 συντέμω,
754 798 850 835 κατὰ
880 795 970 837 τοὺς
1003 797 1145 846 νόμους
1175 795 1308 846 ἔδοξεν
1340 797 1520 848 εἰρῆσθαι
1550 798 1612 836 καὶ

288 862 504 914 ἀπέφυγεν.
564 863 730 902 ἐνταῦθα
750 864 790 902 τί
812 864 1029 913 προσῆκεν;
1066 863 1115 902 τὰ
1134 864 1206 913 μὲν
1225 861 1392 916 χρήματ’
1413 864 1520 915 ἔχειν
1539 863 1611 912 την
1636 879 1673 902 10

288 930 417 974 πόλιν,
445 929 512 968 τὸν
538 928 570 968 δ’
601 930 899 979 ἀποστεροῦντα
932 929 1128 978 κολάζειν·
1166 930 1288 979 νόμου
1314 929 1346 969 δ’
1377 929 1455 969 οὐδ’
1481 931 1611 970 ὁτιοῦν

287 995 444 1036 οὐδενὸς
460 994 583 1045 δήπου
600 995 798 1047 προσέδει.
853 995 972 1048 μέχρι
987 998 1059 1046 μὲν
1075 995 1120 1045 δὴ
1138 996 1286 1036 τούτων
1303 997 1416 1037 οὐδὲν
1432 996 1610 1046 ἠδίκησθ’

287 1062 361 1102 ὑπὸ
386 1062 654 1114 Τιμοκράτους
685 1064 851 1102 τουτουί.
922 1064 1020 1113 μετὰ
1049 1066 1172 1103 ταῦτα
1201 1065 1241 1103 δὲ
1269 1062 1384 1103 πάντ’
1410 1062 1610 1114 ἀνεδέξατ’

288 1129 352 1179 ἐφ’
379 1130 496 1168 αὑτὸν
522 1131 567 1168 τὰ
590 1128 864 1180 προειρημένα,
894 1130 955 1169 καὶ
986 1128 1100 1169 πάντ’
1133 1129 1359 1180 ἠδικημένοι
1385 1129 1610 1181 φανήσεσθ’

286 1196 362 1236 ὑπὸ
387 1197 537 1235 τούτου·
581 1199 665 1237 ταῖς
692 1198 767 1247 γὰρ
795 1198 955 1236 ἐκείνων
986 1196 1146 1249 τέχναις
1180 1198 1241 1236 καὶ
1268 1198 1522 1248 πανουργίαις
1546 1213 1608 1246 μι·
1635 1211 1671 1243 15

288 1263 450 1305 σθώσας
480 1262 597 1302 αὑτὸν
631 1263 694 1302 καὶ
730 1263 952 1315 παρασχὼν
986 1262 1183 1314 ὑπηρέτην
1212 1262 1277 1315 ἐφ’
1309 1262 1427 1303 αὑτὸν
1462 1262 1611 1315 ἤγαγεν

288 1329 542 1380 τάδικήματα,
584 1329 634 1370 ὡς
673 1330 750 1381 ἐγὼ
790 1333 932 1382 σαφῶς
974 1330 1064 1380 ὑμῖν
1103 1328 1297 1378 ἐπιδείξω.
1370 1329 1520 1382 ἀνάγκη
1569 1332 1609 1369 δὲ

287 1400 442 1447 πρῶτον
471 1397 696 1446 ὑπομνῆσαι
726 1397 816 1438 τοὺς
845 1397 1011 1449 χρόνους
1040 1397 1140 1447 ὑμᾶς
1170 1397 1233 1436 καὶ
1262 1396 1330 1436 τὸν
1360 1396 1493 1448 καιρὸν
1519 1397 1560 1437 ἐν
1585 1395 1614 1451 ᾧ

286 1465 421 1513 τίθησι
456 1463 522 1504 τὸν
556 1464 690 1513 νόμον·
730 1465 792 1503 καὶ
826 1465 901 1515 γὰρ
934 1464 1176 1514 ὑβριστικῶς
1209 1465 1612 1517 προσεκκεχλευακὼς

286 1531 383 1579 ὑμᾶς
421 1529 658 1582 φανήσεται.
730 1529 777 1579 ἦν
806 1532 879 1580 μὲν
908 1532 983 1582 γὰρ
1013 1531 1281 1582 σκιροφοριὼν
1309 1530 1385 1580 μὴν
1415 1531 1455 1570 ἐν
1485 1528 1514 1584 ᾧ
1542 1532 1612 1571 τὰς
1634 1545 1673 1566 20

286 1599 444 1649 γραφὰς
476 1596 633 1647 ἥττηντ’
666 1599 806 1637 ἐκεῖνοι
839 1599 907 1639 τὰς
938 1599 1035 1636 κατὰ
1061 1600 1128 1636 τοῦ
1159 1595 1421 1647 Εὐκτήμονος·
1459 1599 1609 1646 μισθω-

287 1664 454 1714 σάμενοι
473 1667 513 1704 δὲ
533 1667 672 1704 τοῦτον
695 1665 755 1704 καὶ
776 1663 862 1704 οὐδὲ
882 1663 1250 1715 παρεσκευασμένοι
1269 1666 1315 1703 τὰ
1336 1665 1465 1703 δίκαια
1484 1667 1612 1703 ποιεῖν

285 1732 375 1779 ὑμῖν
413 1733 508 1770 κατὰ
543 1730 615 1780 τὴν
649 1732 797 1783 ἀγορὰν
829 1731 1068 1782 λογοποιοὺς
1101 1732 1291 1770 καθίεσαν
1325 1730 1375 1771 ὡς
1406 1732 1514 1770 ἁπλᾶ
1539 1733 1612 1781 μὲν

286 1799 434 1847 ἕτοιμοι
465 1800 512 1838 τὰ
543 1797 711 1850 χρήματ’
745 1799 924 1844 ἐκτίνειν,
951 1800 1072 1837 διπλᾶ
1107 1796 1139 1837 δ’
1169 1797 1213 1837 οὐ
1243 1796 1493 1847 δυνήσονται.
1566 1795 1612 1846 ἧν

285 1867 325 1904 δὲ
351 1865 456 1904 ταῦτ’
478 1865 615 1916 ἐνέδρα
640 1867 738 1914 μετὰ
757 1865 977 1918 χλευασίας
998 1864 1060 1904 καὶ
1087 1864 1411 1913 κατασκευασμὸς
1430 1865 1526 1915 ὑπὲρ
1546 1867 1613 1903 τοῖ-
1636 1878 1671 1908 25

283 1934 423 1972 λαθεῖν
460 1933 571 1972 τόνδε
609 1931 677 1971 τὸν
713 1933 834 1981 νόμον
871 1931 1046 1971 τεθέντα.
1118 1934 1305 1982 μαρτυρεῖ
1339 1930 1371 1970 δ’
1408 1932 1469 1970 ὅτι
1504 1931 1612 1971 ταῦθ’

285 2000 407 2040 οὕτως
434 1999 517 2051 ἔχει
543 2000 709 2050 τοῦργον
737 1998 845 2038 αὐτό·
897 2002 973 2038 τῶν
999 2000 1071 2048 μὲν
1105 2000 1179 2050 γὰρ
1210 1997 1421 2050 χρημάτων
1447 1999 1612 2038 ἐκείνοις

284 2068 365 2106 τοῖς
395 2067 554 2118 χρόνοις
580 2065 758 2118 δραχμὴν
785 2065 829 2105 ου
856 2065 1072 2115 κατέθηκαν
1097 2064 1199 2114 ὑμῖν,
1228 2065 1333 2118 νόμῳ
1360 2064 1394 2104 δ’
1416 2065 1473 2104 ἑνὶ
1499 2065 1608 2104 πλεί-

285 2148 401 2173 στονς
427 2132 677 2186 ὑπάρχοντας
703 2133 867 2183 ἀκύρους
895 2133 1103 2181 ἐποίησαν,
1129 2133 1190 2172 καὶ
1216 2131 1340 2186 τούτῳ
1366 2135 1444 2171 τῶν
1464 2131 1612 2171 πώποτ’

283 2200 326 2238 ἐν
344 2199 432 2249 ὑμῖν
458 2200 650 2240 τεθέντων
676 2201 875 2254 αἰσχίστῳ
905 2200 968 2239 καὶ
993 2198 1215 2253 δεινοτάτῳ.
1634 2211 1674 2242 50

327 2320 345 2339 2
379 2310 469 2348 ἔχειν
494 2310 682 2349 ὡμολόγουν
707 2308 787 2338 secl.
813 2307 945 2339 Dobr‘ee
1092 2308 1112 2337 8
1143 2306 1339 2349 ypokpovrcu]
1364 2307 1496 2347 ’γράφων
1520 2320 1555 2338 τε
1582 2306 1611 2336 Α

287 2353 325 2382 18
351 2354 451 2384 εἰπεῖν
470 2358 543 2391 post
561 2354 670 2391 καιρὸν
687 2352 760 2383 add.
782 2352 811 2381 Α
932 2362 969 2390 19
994 2352 1285 2392 προσκεχλευακὼς
1304 2351 1332 2380 Α
1451 2360 1491 2379 22
1516 2364 1611 2390 παρα-

285 2397 517 2434 σκευασάμενοι
535 2396 564 2426 Α
578 2396 607 2426 Y
621 2396 650 2426 O
765 2397 805 2426 28
829 2397 1004 2427 πλείστους
1025 2395 1143 2426 Blass:
1170 2396 1346 2426 πλείστους
1363 2395 1436 2424 τοὺς
1457 2393 1609 2424 Dobree:

286 2441 414 2471 πλείους
432 2441 505 2471 τοὺς
523 2440 620 2470 codd.
757 2450 798 2479 29
823 2440 953 2481 ἀκύρους
971 2450 1037 2470 om.
1057 2438 1093 2470 5¹
1108 2437 1146 2469 L¹
1165 2438 1228 2469 soli
