1737 2734
138 130 208 183 xx]
531 134 691 171 ΠΡΟΣ
738 133 1072 170 ΛΕΠΤΙΝΗΝ

136 235 429 287 ἐπειλημμένοι.
502 236 590 276 ἔστι
614 238 655 277 δὲ
680 235 786 276 ταῦτ’
812 235 1003 288 ἀμφότερ’
1029 236 1118 290 οὐχὶ
1143 236 1293 276 δίκαιον
1318 235 1466 287 λέγειν.

136 304 170 343 εἰ
204 305 278 353 μὲν
314 302 389 354 γάρ
425 319 482 344 τις
515 303 600 355 ἔχει
635 305 769 344 πολλὰ
805 305 927 354 μηδὲν
961 304 1059 354 ὑμᾶς
1095 304 1252 348 ἀδικῶν,
1288 302 1376 355 οὐχὶ
1410 305 1470 343 δεῖ

136 368 260 419 δήπου
295 369 419 423 τούτῳ
456 371 707 419 βασκαίνειν·
775 371 808 410 εἰ
845 369 877 409 δ’
913 369 1166 426 ὑφῃρημένον
1203 369 1408 422 φήσουσιν
1442 369 1467 419 ἥ

135 435 207 476 τιν’
243 435 371 476 ἄλλον
407 436 480 490 οὐχ
517 435 561 476 ὃν
596 436 789 488 προσήκει
813 437 973 487 τρόπον,
1012 438 1091 477 εἰσὶ
1128 437 1240 487 νόμοι
1278 436 1362 476 καθ’
1400 436 1467 477 οὓς

98 520 115 551 5
136 501 328 554 προσήκει
366 503 557 553 κολάζειν.
630 505 695 543 ὅτε
731 506 772 544 δὲ
809 507 921 543 τοῦτο
956 503 1008 554 μὴ
1047 507 1243 549 ποιοῦσιν,
1273 502 1361 543 οὐδὲ
1397 502 1466 543 τὸν

135 570 260 621 λόγον
296 569 426 611 αὐτοῖς
461 574 598 610 τοῦτον
634 570 810 610 λεκτέον.
884 571 946 610 καὶ
981 570 1059 620 μὴν
1096 571 1183 623 περὶ
1220 574 1289 610 τοῦ
1329 587 1375 622 γε
1413 569 1465 620 μὴ

137 635 237 676 εἶναι
266 635 449 689 χρήματα
481 638 590 677 κοινὰ
615 643 662 694 τῇ
689 637 818 682 πόλει,
844 636 961 677 ἐκεῖν’
986 638 1084 687 ὑμᾶς
1115 639 1175 677 δεῖ
1202 640 1379 683 σκοπεῖν,
1406 637 1468 677 ὅτι

136 701 248 743 οὐδὲν
277 702 414 743 ἔσεσθ’
444 703 717 756 εὐπορώτεροι,
749 705 818 745 τὰς
849 704 1031 745 ἀτελείας
1060 704 1130 744 ἐὰν
1160 703 1382 755 ἀφέλησθε·
1422 704 1467 743 οὐ

137 769 212 821 γὰρ
251 773 431 810 κοινωνεῖ
474 774 560 811 ταῖς
601 772 810 822 δημοσίαις
855 771 1070 823 προσόδοις
1119 771 1180 810 καὶ
1222 770 1467 823 περιουσίαις

79 851 117 872 10
135 839 258 876 ταῦτα
282 836 532 888 τάναλώματ’
563 837 689 877 οὐδέν.
760 836 880 890 χωρὶς
910 839 951 877 δὲ
977 837 1125 878 τούτων
1151 837 1234 877 νυνὶ
1264 843 1309 894 τῇ
1335 838 1464 883 πόλει,

137 906 244 943 δυοῖν
265 904 430 955 ἀγαθοῖν
451 905 594 950 ὄντοιν,
617 904 790 945 πλούτου
810 905 872 944 καὶ
896 907 965 943 τοῦ
985 903 1082 955 πρὸς
1107 903 1284 946 ἅπαντας
1304 905 1465 944 πιστεύ-

137 973 264 1016 εσθαι,
287 970 374 1010 ἐστὶ
398 970 442 1010 τὸ
466 972 535 1020 τῆς
560 972 733 1012 πίστεως
759 970 950 1023 ὑπάρχον.
1024 972 1057 1011 εἰ
1078 970 1120 1011 δέ
1143 987 1202 1013 τις
1228 972 1351 1011 οἴεται
1371 973 1466 1016 δεῖν,

136 1038 197 1076 ὅτι
221 1035 388 1090 χρήματ’
414 1037 482 1076 οὐκ
507 1037 663 1090 ἔχομεν,
684 1040 781 1088 μηδὲ
806 1037 926 1087 δόξαν
950 1038 1058 1092 ἔχειν
1083 1038 1184 1089 ἡμᾶς
1209 1036 1404 1091 χρηστήν,
1426 1037 1470 1077 οὐ

137 1107 268 1145 καλῶς
297 1107 448 1156 φρονεῖ.
522 1105 600 1156 ἐγὼ
628 1107 700 1155 μὲν
730 1106 804 1157 γὰρ
835 1105 1001 1158 εὔχομαι
1030 1108 1112 1146 τοῖς
1142 1107 1258 1151 θεοῖς,
1290 1103 1469 1154 μάλιστα

79 1187 116 1219 15
136 1172 208 1221 μὲν
237 1170 329 1221 ἡμῖν
368 1170 428 1210 καὶ
464 1169 649 1224 χρήματα
685 1173 818 1211 πολλὰ
854 1171 1055 1224 γενέσθαι,
1095 1173 1128 1211 εἶ
1163 1174 1205 1212 δὲ
1237 1170 1303 1222 μή,
1342 1172 1388 1211 τό
1423 1188 1469 1223 γε

136 1242 293 1279 πιστοῖς
318 1238 417 1278 εῖναι
442 1238 504 1278 καὶ
529 1238 717 1289 βεβαίοις
742 1241 872 1279 δοκεῖν
898 1241 1104 1290 διαμεῖναι.

204 1303 309 1356 Φέρε
338 1303 383 1354 δὴ
417 1305 480 1344 καὶ
510 1307 580 1347 τὰς
612 1305 807 1357 εὐπορίας,
839 1306 884 1347 ἃς
914 1305 1234 1356 ἀναπαυομένους
1264 1307 1375 1347 τινὰς
1405 1305 1466 1345 εὐ-

136 1370 326 1424 πορήσειν
357 1371 463 1411 οὗτοι
494 1371 712 1424 φήσουσιν,
746 1374 800 1414 εἰς
830 1372 920 1413 δέον
949 1373 1039 1424 ὑμῖν
1069 1372 1308 1425 γιγνομένας
1338 1371 1466 1422 δείξω.

135 1440 224 1479 ’ίστε
243 1440 318 1491 γὰρ
337 1437 460 1488 δήπου
486 1439 591 1479 τοῦθ’
611 1440 672 1479 ὅτι
691 1443 769 1480 τῶν
794 1443 1054 1492 τριηραρχιῶν
1075 1439 1202 1482 οὐδείς
1221 1439 1305 1480 ἐστ’
1325 1439 1468 1489 ἀτελὴς

77 1521 115 1542 20
136 1505 227 1546 οὐδὲ
251 1509 329 1546 τῶν
355 1507 557 1558 εἰσφορῶν
582 1510 659 1546 τῶν
687 1508 741 1548 εἰς
769 1506 839 1546 τὸν
864 1507 1053 1558 πόλεμον.
1126 1507 1264 1546 οὔκουν
1289 1508 1310 1546 ὁ
1335 1507 1468 1547 πολλὰ

137 1571 384 1623 κεκτημένος,
420 1572 545 1619 οὗτος,
581 1575 692 1614 ὅστις
721 1572 770 1613 ἂν
802 1572 840 1629 ᾗ,
872 1573 993 1614 πόλλ’
1024 1575 1079 1615 εἷς
1111 1577 1233 1614 ταῦτα
1262 1576 1465 1619 συντελεῖ;

135 1637 233 1679 πᾶσ’
259 1638 423 1691 ἀνάγκη.
496 1639 558 1680 καὶ
582 1639 660 1691 μὴν
679 1641 740 1680 ὅτι
765 1643 826 1680 δεῖ
841 1639 911 1690 τὴν
932 1640 1117 1692 εὐπορίαν
1137 1642 1192 1682 εἷς
1215 1639 1323 1680 ταῦθ’
1344 1639 1467 1691 ὑπάρ-

134 1722 223 1758 χειν
260 1706 457 1756 πλείστην
492 1707 538 1762 τῇ
575 1707 704 1753 πόλει,
740 1706 886 1749 πάντες
919 1707 968 1747 ἂν
1000 1706 1308 1760 ὁμολογήσειαν·
1361 1708 1467 1759 παρὰ

133 1773 207 1823 μὲν
231 1774 308 1825 γὰρ
330 1774 400 1814 τὰς
425 1773 489 1813 ἐπὶ
509 1777 588 1814 τῶν
606 1777 806 1826 χορηγιῶν
826 1773 1003 1816 δαπάνας
1028 1773 1175 1827 ἡμέρας
1193 1773 1310 1826 μέρος
1329 1773 1467 1826 μικρὸν

76 1838 156 1889 25ἡ
193 1838 309 1892 χάρις
344 1843 426 1881 τοῖς
462 1839 673 1890 θεωμένοις
705 1840 827 1891 ἡμῶν,
867 1842 973 1893 παρὰ
1010 1843 1050 1881 δὲ
1088 1843 1157 1883 τὰς
1192 1845 1270 1881 τῶν
1308 1843 1362 1882 εἷς
1398 1840 1467 1880 τὸν

181 1957 194 1976 1
222 1947 273 1987 ἅμ’
291 1952 370 1978 ante
388 1948 555 1989 ἀμφότερα
570 1949 645 1978 add.
664 1948 753 1987 vulg.
772 1960 778 1978 ε
804 1959 869 1979 om.
890 1949 913 1979 S
927 1949 952 1979 L
964 1949 993 1979 Y
1008 1949 1037 1979 O
1166 1961 1184 1988 3
1209 1949 1314 1989 τούτῳ
1334 1950 1358 1979 L
1376 1949 1465 1988 vulg.

136 1990 243 2021 Bekk.
261 1991 390 2021 Anecd.
409 2001 441 2030 p.
466 2001 549 2030 130:
581 1995 679 2023 τοῦτο
705 1992 728 2021 S
754 1992 845 2022 solus
972 1995 992 2030 ἥ
1016 2003 1081 2023 orn.
1101 1993 1209 2024 SAY
1223 1993 1252 2023 O
1271 2005 1276 2022 :
1308 1993 1384 2024 add.
1404 1993 1430 2022 L
1444 1993 1468 2023 F

134 2045 152 2071 4
179 2036 354 2071 κεκτῆσθαι
372 2039 448 2073 post
465 2035 584 2075 τρόπον
600 2035 676 2065 add.
696 2035 721 2064 L
736 2035 760 2065 F
775 2046 782 2065 t
813 2046 878 2067 om.
897 2035 920 2066 S
938 2036 1027 2075 vulg.
1212 2045 1246 2066 11
1275 2036 1382 2068 ὄντοιν
1398 2047 1464 2067 om.

135 2077 235 2117 S¹P¹‚
262 2078 321 2108 sed
347 2078 389 2109 cf.
414 2078 519 2109 schol.
547 2089 579 2117 p.
605 2088 679 2117 472,
708 2089 726 2108 2
752 2083 786 2109 et
810 2079 895 2109 xxiii
925 2089 984 2118 ¹13
1076 2079 1218 2111 ἅπαντας
1245 2080 1270 2108 L
1295 2079 1396 2118 vulg„
1422 2080 1463 2110 cs.

137 2125 151 2158 ᾗ
175 2123 254 2159 164:
280 2121 406 2153 ἅπαντα.
425 2121 461 2152 Sx
474 2121 503 2151 Y
518 2122 543 2151 P
691 2131 729 2151 12
753 2127 833 2152 ante
852 2124 923 2154 ἐστὶ
940 2124 1016 2154 add.
1036 2123 1145 2162 μεῖζον
1163 2123 1188 2152 L
1206 2122 1294 2160 vulg.
1316 2122 1340 2152 S
1358 2132 1441 2152 corr.
1460 2135 1467 2153 ι

133 2167 281 2205 κρεῖττον
296 2165 327 2194 Α
344 2177 351 2195 z
377 2175 441 2196 om.
463 2165 496 2195 S¹
511 2165 541 2194 Y
556 2165 581 2195 P
678 2166 754 2205 ἡμῖν
772 2171 847 2205 post
865 2166 1008 2207 ὑπάρχον
1025 2168 1100 2197 add.
1123 2166 1149 2195 L
1167 2167 1254 2205 vulg.
1271 2178 1276 2195 2
1302 2176 1368 2197 om.
1388 2166 1424 2196 S'
1436 2166 1467 2196 A

138 2209 176 2238 16
200 2210 355 2247 διαμεῖναι
373 2208 397 2239 S
412 2208 479 2239 LA
491 2208 519 2238 Y
533 2209 563 2238 Ο
580 2220 587 2239 z
612 2212 772 2249 διαμένειν
790 2209 815 2239 F
949 2220 1053 2240 20—21
1081 2212 1194 2242 οὔκουν
1212 2234 1219 2240 .
1239 2233 1245 2240 .
1266 2233 1273 2240 .
1295 2212 1467 2246 συντελεῖ,-

132 2251 164 2288 J.
186 2251 224 2282 B.
248 2252 389 2290 Mayor:
414 2254 528 2284 οὐκοῦν
546 2276 552 2283 .
575 2276 582 2283 .
602 2276 608 2283 .
631 2255 796 2285 συντελεῖ·
812 2252 916 2291 vulg„
935 2253 973 2283 cf.
997 2256 1033 2290 ,εξ
1053 2255 1107 2285 62,
1128 2263 1176 2292 71,
1197 2263 1238 2292 97
1350 2263 1388 2282 21
1415 2265 1466 2284 κε-

133 2293 300 2334 κτημένος,
326 2294 419 2327 οὗτος
443 2296 599 2327 distinxit
625 2296 664 2327 G.
691 2295 736 2327 H.
762 2296 939 2336 Schaeser,
967 2296 1007 2327 cs.
1035 2300 1049 2332 ξ
1078 2306 1114 2335 17
1290 2306 1330 2334 24
1354 2297 1466 2337 μικρὸν

132 2338 326 2411 ἶΟᾸῒΡμέρος
352 2339 433 2370 SL:
466 2344 545 2369 ante
569 2339 687 2381 ἡμέρας
711 2339 821 2378 vulg.:
856 2350 920 2371 om.
948 2339 1072 2370 ΥΟΡι
1207 2350 1248 2378 25
1281 2340 1370 2379 ἡμῶν
1395 2341 1465 2371 ἐστι

1498 130 1616 186 [464]

1498 587 1540 622 25

1499 1308 1543 1342 26

1500 1502 1614 1558 [46⁵]
