1737 2734
121 853 154 876 10

120 1185 152 1217 ¹5

116 1518 154 1539 20

176 129 291 184 xxw]
513 135 671 172 ΚΑΤΑ
718 133 1168 172 ΤΙΜΟΚΡΑΤΟΥΣ

176 238 383 279 ἀκούοντες
409 239 502 288 ἐμοῦ
525 237 771 289 μαθήσεσθε,
800 237 840 277 ἓν
871 236 918 285 δ’,
946 236 966 275 ὃ
997 235 1188 288 μέγιστον
1213 234 1292 288 ἔχω
1320 234 1381 274 καὶ
1407 249 1501 285 προ-

176 305 407 358 χειρότατον
441 304 537 356 πρὸς
567 305 665 355 ὑμᾶς
697 305 834 349 εἰπεῖν,
867 303 934 343 οὐκ
967 302 1257 355 ἀποτρέψομαι.
1327 301 1400 350 τὴν
1427 302 1504 352 γὰρ
1533 316 1552 339 2

176 370 365 422 ὑμετέραν
391 373 546 423 ψῆφον,
573 370 621 420 ἣν
652 371 898 422 ὀμωμοκότες
931 370 1018 422 περὶ
1048 369 1206 410 πάντων
1236 367 1390 420 φέρετε,
1417 367 1504 407 λύει

177 440 239 479 καὶ
265 442 371 478 ποιεῖ
392 441 460 477 τοῦ
484 437 651 488 μηδενὸς
678 439 792 488 ἀξίαν
821 437 841 476 ὁ
865 436 1020 476 τουτουὶ
1045 436 1178 487 νόμος,
1205 436 1279 488 οὐχ
1304 435 1369 475 ἵνα
1395 439 1503 490 κοινῇ

175 522 211 544 τι
236 505 307 554 τὴν
337 505 457 544 πόλιν
488 503 682 560 ὠφελήσῃ
717 502 811 554 (πῶς
842 502 935 555 γάρ;
979 504 1022 545 ὅς
1048 520 1106 555 γε,
1134 503 1158 542 ἃ
1182 505 1289 542 δοκεῖ
1314 500 1501 555 συνέχειν

175 572 246 621 τὴν
263 571 481 616 πολιτείαν,
492 573 539 610 τὰ
555 569 800 622 δικαστήρια,
811 569 917 610 ταῦτ’
933 569 1055 621 ἄκυρα
1072 573 1177 609 ποιεῖ
1190 572 1267 609 τῶν
1283 584 1500 620 προστιμη-

174 638 308 688 μάτων
332 642 410 677 τῶν
435 638 498 677 ἐπὶ
528 640 610 679 τοῖς
637 636 873 688 ἀδικήμασιν
906 638 947 675 ἐκ
977 640 1055 676 τῶν
1080 636 1210 686 νόμων
1244 633 1500 687 ὡρισμένων),

175 704 265 744 ἀλλ’
292 706 355 744 ἵνα
380 708 457 744 τῶν
482 704 610 744 πολὺν
637 704 783 757 χρόνον
808 704 906 753 ὑμᾶς
934 720 1037 744 τινες
1057 701 1412 755 ἐκκεκαρπωμένων
1439 706 1501 742 καὶ,

176 773 310 811 πολλὰ
335 774 413 810 τῶν
437 770 632 822 ὑμετέρων
658 771 928 821 διηρπακότων
952 769 1040 821 μηδ’
1067 770 1091 809 ἃ
1117 769 1352 810 κλέπτοντες
1378 774 1499 820 φανε-

175 841 249 889 ρῶς
285 836 524 889 ἐλήφθησαν
560 839 797 877 καταθῶσιν.
870 836 932 876 καὶ
965 836 1142 890 τοσούτῳ
1179 836 1273 889 ῥᾷόν
1306 834 1388 875 ἐστ’
1424 837 1501 889 ἰδίᾳ
1533 851 1551 884 3

175 906 285 945 τινὰς
324 904 552 955 θεραπεύειν
591 900 615 953 ἢ
653 907 730 944 τῶν
773 902 970 954 ὑμετέρων
1018 904 1177 943 δικαίων
1215 901 1497 954 προίστασθαι,

175 969 272 1010 ὥσθ’
299 970 411 1012 οὗτος
435 972 506 1021 μὲν
532 970 617 1023 ἔχει
642 969 732 1021 παρ’
761 971 920 1010 ἐκείνων
940 970 1125 1022 ἀργύριον
1152 970 1213 1009 καὶ
1239 969 1284 1008 οὐ
1308 969 1500 1020 πρότερον

175 1040 314 1077 τοῦτον
340 1036 548 1089 εἰσήνεγκε
578 1037 675 1088 ὑπὲρ
705 1037 831 1077 αὐτῶν
858 1037 927 1077 τὸν
957 1037 1089 1087 νόμον,
1118 1037 1204 1086 ἐμοὶ
1230 1035 1262 1076 δ’
1283 1037 1325 1076 ἐν
1350 1037 1499 1088 χιλίαις
1531 1035 1636 1090 [701]

174 1104 272 1155 ὑπὲρ
297 1104 404 1154 ὑμῶν
430 1104 450 1142 ὁ
482 1104 670 1144 κίνδυνος·
721 1103 880 1143 τοσοῦτ’
913 1102 1050 1156 ἀπέχω
1085 1107 1152 1142 τοῦ
1177 1106 1323 1153 λαβεῖν
1347 1119 1384 1142 τι
1408 1102 1498 1154 παρ’

174 1171 294 1220 ὑμῶν.
367 1170 552 1210 εἰώθασιν
577 1172 650 1220 μὲν
675 1169 743 1210 οὖν
768 1171 805 1210 οἱ
830 1170 975 1210 πολλοὶ
1000 1173 1078 1211 τῶν
1098 1169 1283 1222 πράττειν
1299 1186 1336 1210 τι
1360 1185 1496 1220 προαι-
1530 1185 1551 1216 4

173 1236 374 1288 ρουμένων
405 1240 483 1277 τῶν
521 1240 659 1277 κοινῶν
694 1235 829 1289 λέγειν
866 1236 918 1278 ὡς
953 1236 1060 1277 ταῦθ’
1097 1238 1188 1287 ὑμῖν
1221 1235 1498 1277 σπουδαιότατ’

176 1304 286 1343 ἐστὶν
307 1304 369 1344 καὶ
387 1302 551 1353 μάλιστ’
571 1301 682 1353 ἄξιον
702 1303 920 1356 προσέχειν
940 1304 1103 1350 τούτοις,
1125 1305 1221 1355 ὑπὲρ
1241 1304 1295 1343 ὧν
1314 1302 1363 1343 ἂν
1388 1303 1498 1342 αὐτοὶ

174 1369 404 1423 τυγχάνωσι
423 1370 648 1421 ποιούμενοι
666 1369 757 1412 τοὺς
776 1370 933 1422 λόγους.
995 1371 1072 1422 ἐγὼ
1093 1370 1138 1421 δ’,
1161 1371 1269 1422 εἴπερ
1287 1370 1363 1410 τινὶ
1383 1373 1498 1409 τοῦτο

175 1437 236 1477 καὶ
260 1436 371 1491 ἄλλῳ
397 1437 678 1489 προσηκόντως
704 1438 865 1488 εἴρηται,
893 1437 1037 1487 νομίζω
1064 1438 1179 1488 κάμοὶ
1203 1440 1271 1476 νῦν
1291 1437 1498 1488 ἁρμόττειν

173 1505 310 1544 εἰπεῖν.
369 1507 446 1544 τῶν
472 1504 548 1555 γὰρ
573 1505 699 1543 ὄντων
723 1504 882 1555 ἀγαθῶν
911 1509 958 1561 τῇ
984 1504 1100 1544 πόλει
1127 1503 1188 1543 καὶ
1213 1507 1279 1543 τοῦ
1304 1506 1494 1554 ὃημοκρα-
1531 1516 1546 1550 5

172 1569 364 1621 τουμένην
391 1571 454 1610 καὶ
480 1569 690 1621 ἐλευθέραν
717 1570 817 1610 εἶναι
842 1569 892 1611 ὡς
918 1570 1023 1610 ἄλλο
1047 1587 1083 1610 τι
1109 1574 1187 1611 τῶν
1213 1571 1341 1620 νόμων
1367 1570 1496 1610 αἰτιώ-

172 1637 285 1687 τερόν
315 1638 440 1682 ἐστιν,
473 1636 554 1676 οὐδ’
587 1636 636 1677 ἂν
667 1636 721 1677 ἕν’
756 1638 880 1677 εἰπεῖν
911 1636 1031 1687 οἶμαι.
1106 1637 1194 1689 περὶ
1224 1638 1355 1677 τοίνυν
1380 1636 1497 1676 αὐτοῦ

171 1704 310 1744 τούτου
335 1707 403 1744 νῦν
428 1705 518 1754 ὑμῖν
537 1703 661 1750 ἐστιν,
683 1703 851 1755 πότερον
876 1706 936 1744 δεῖ
959 1704 1047 1746 τοὺς
1071 1706 1144 1754 μὲν
1167 1703 1316 1745 ἄλλους
1341 1703 1495 1754 νόμους,

171 1770 237 1812 οὓς
257 1770 321 1810 ἐπὶ
347 1773 428 1812 τοῖς
452 1770 632 1810 ἀδικοῦσι
657 1769 728 1819 τὴν
762 1769 881 1810 πόλιν
906 1771 1015 1820 ὑμεῖς
1046 1770 1314 1823 ἀνεγράψατε,
1334 1770 1497 1822 ἀκύρους

172 1835 284 1883 εἶναι,
311 1837 422 1877 τόνδε
448 1838 490 1877 δὲ
516 1836 659 1887 κύριον,
682 1833 705 1886 ἦ
730 1835 960 1877 τούναντίον
985 1840 1124 1878 τοῦτον
1148 1839 1222 1888 μὲν
1244 1840 1378 1882 λῦσαι,
1400 1838 1497 1876 κατὰ

170 1903 305 1956 χώραν
340 1905 381 1943 δὲ
417 1902 552 1953 μένειν
585 1902 675 1944 τοὺς
711 1901 860 1944 ἄλλους
895 1904 976 1943 ἐᾶν.
1047 1903 1092 1943 τὸ
1127 1906 1201 1954 μὲν
1236 1904 1305 1944 οὖν
1337 1906 1498 1955 πρᾶγμα

171 1970 259 2021 περὶ
285 1969 329 2009 οὗ
355 1972 416 2009 δεῖ
437 1972 506 2009 νῦν
530 1970 630 2019 ὑμᾶς
655 1973 816 2020 γνῶναι,
844 1969 896 2010 ὡς
922 1970 964 2010 ἐν
991 1972 1196 2025 κεφαλαίῳ
1222 1987 1280 2012 τις
1305 1969 1354 2011 ἂν
1380 1971 1495 2015 εἴποι,

170 2036 274 2076 τοῦτ’
301 2037 424 2076 ἐστίν.

214 2156 233 2176 2
268 2145 502 2187 ἀποτρέψομαι]
536 2144 755 2186 ἀποκρύψομαι
789 2145 813 2176 S
840 2158 904 2187 γρ.,
936 2147 976 2176 cf.
1009 2148 1045 2183 §§
1079 2156 1149 2185 104,
1182 2157 1255 2177 200.
1304 2146 1393 2178 Fort.
1422 2152 1496 2186 post

168 2190 432 2231 προχειρότατον,
455 2199 524 2219 non
542 2193 619 2228 post
637 2190 748 2220 εἰπεῖν.
769 2189 1046 2228 distinguendum
1187 2200 1203 2228 7
1230 2190 1321 2229 prius
1339 2192 1404 2221 τῶν
1419 2190 1495 2221 add.

170 2231 210 2262 L¹
224 2233 248 2263 S
265 2243 351 2264 corr.
368 2244 373 2263 :
400 2243 463 2263 orn.
484 2236 564 2263 cett.
715 2242 754 2262 10
779 2231 984 2272 ἐλήφθησαν]
1003 2232 1219 2273 ἠλέγχθησαν
1237 2233 1344 2264 Bekk.
1363 2233 1494 2265 Anecd.

169 2286 199 2314 p.
225 2285 294 2315 149,
319 2286 358 2314 19
461 2285 496 2305 11
524 2276 648 2308 δικαίως
667 2275 691 2306 S
706 2275 731 2305 L
835 2285 874 2315 ¹3
898 2276 924 2307 δ’
943 2274 993 2315 ἐν]
1012 2276 1047 2308 δὲ
1065 2276 1128 2307 SL
1142 2274 1267 2307 FYOl
1360 2286 1396 2314 17
1422 2282 1497 2316 post

168 2318 295 2351 τούτοις
322 2320 399 2350 add.
422 2321 481 2351 τὸν
506 2321 579 2351 νοῦν
604 2318 667 2349 FL
691 2329 803 2350 corn:
835 2329 901 2350 om.
927 2324 1004 2350 cett.
1187 2320 1225 2350 18
1257 2323 1354 2352 τοῦτο
1378 2321 1440 2352 τινὶ
1465 2319 1496 2350 Α

173 2371 212 2401 19
242 2363 336 2402 κάμοὶ
362 2361 476 2402 νομίζω
500 2362 531 2392 Α
699 2372 741 2392 22
772 2363 874 2394 εἰπεῖν
898 2362 998 2403 οἶμαι]
1027 2363 1128 2395 εἰπεῖν
1153 2362 1242 2403 ἔχειν
1266 2364 1368 2403 οἴομαι
1393 2363 1418 2394 S
1441 2375 1494 2404 γρ.

169 2413 211 2443 23
236 2406 341 2446 ἐστιν]
362 2408 434 2437 ἐστι
452 2404 613 2437 σκεπτέον
631 2405 655 2435 F
670 2405 694 2435 L
712 2415 801 2436 corr.
939 2416 979 2444 24
1005 2408 1091 2445 ὑμεῖς
1107 2416 1170 2438 om.
1192 2406 1222 2436 A

1535 128 1653 183 [7002
