1737 2734
136 135 243 188 [761]

131 306 243 360 [762]

179 580 243 622 198

179 917 244 952 Ι99

170 1383 241 1409 200

167 1782 231 1808 201

701 133 1184 172 ΔΗΜΟΣΘΕΝΟΎΣ
1485 131 1601 185 [xxu'

275 239 308 278 εἶ
334 236 615 287 καταθήσουσι,
643 236 806 276 τουτωνὶ
832 237 872 275 δὲ
900 237 1100 276 τοσούτων
1127 238 1250 276 ὄντων
1277 238 1338 277 καὶ
1363 241 1440 277 τῶν
1465 237 1602 278 ἄλλων

278 307 462 348 πολιτῶν,
485 305 538 342 ὧν
561 303 623 342 ἐπὶ
649 305 717 343 τὰς
737 303 860 344 οἰκίας
889 301 1068 351 ἐβάδιζες
1096 302 1146 342 σὺ
1166 303 1254 345 τοὺς
1274 304 1411 343 ἕνδεκα
1432 304 1493 343 καὶ
1511 306 1601 347 τοὺς

276 370 492 411 ἀποδέκτας
518 370 621 422 ἔχων
644 370 704 408 καὶ
730 369 819 410 τοὺς
846 368 1051 419 ὑπηρέτας,
1079 369 1229 418 μηδένα
1253 369 1401 410 πώποτ’
1422 371 1598 419 ἐλεῆσαι,

275 437 380 476 ἀλλὰ
406 435 523 487 θύρας
551 437 736 486 ἀφαιρεῖν
757 436 819 475 καὶ
846 435 1045 486 στρώμαθ’
1066 436 1250 476 ὑποσπᾶν
1272 436 1333 475 καὶ
1353 435 1545 482 διάκονον,
1568 439 1604 477 εἴ

274 519 331 544 τις
357 504 512 555 ἐχρῆτο,
535 502 678 551 ταύτην
699 500 962 554 ἐνεχυράζειν·
1001 502 1024 541 δι
1050 502 1099 540 σὺ
1120 501 1232 541 πάντ’
1255 503 1398 544 ἐποίεις
1423 503 1601 542 ἐνιαυτὸν

273 570 369 608 ὅλον
404 568 488 619 μετ’
526 568 821 619 Ἀνδροτίωνος.
893 571 1032 621 πολλῷ
1070 569 1144 618 γὰρ
1182 568 1304 617 δήπου
1344 569 1598 621 σχετλιώτερ’

275 635 468 688 ἐπάσχεθ’
489 636 608 684 ὑμεῖς,
638 635 699 674 καὶ
727 634 829 674 πολὺ
853 636 1009 683 μᾶλλον
1028 633 1074 673 ἂν
1097 635 1253 676 εἰκότως
1272 634 1402 684 ἠλέεις
1426 636 1597 681 τούτους,

274 702 310 742 οἳ
342 701 389 741 δι’
416 703 525 751 ὑμᾶς,
559 699 588 740 ὦ
620 700 824 750 κατάρατε,
855 701 945 742 τοὺς
975 700 1166 752 λέγοντας
1197 700 1276 741 οὐδ’
1303 702 1431 741 ὁτιοῦν
1460 701 1596 753 εἰσφέ-

272 785 406 818 ροντες
440 768 641 807 παύονται.
716 768 778 807 καὶ
809 767 876 806 οὐκ
907 767 1063 820 ἀπόχρη
1094 771 1220 813 τοῦτο,
1254 768 1359 807 ἀλλὰ
1391 768 1451 807 καὶ
1480 771 1599 808 διπλᾶ

274 834 523 884 πράττονται,
561 835 623 873 καὶ
657 834 764 873 ταῦθ’
800 834 874 874 ὑπὸ
908 837 982 873 σοῦ
1016 835 1076 874 καὶ
1108 833 1402 885 Ἀνδροτίωνος,
1437 835 1472 874 οἳ
1506 835 1598 885 μίαν

273 903 468 953 εἰσφορὰν
488 900 730 941 οὐδεπώποτ’
752 901 1046 953 εἰσενηνόχατε.
1107 904 1310 950 τηλικοῦτο
1330 902 1461 940 τοίνυν
1480 902 1598 952 ἐφρό-

273 985 396 1017 νησεν
432 967 557 1012 οὗτος,
591 967 642 1008 ὡς
681 967 741 1018 ἄρ’
775 967 863 1007 οὐδὲ
897 968 1008 1016 δίκην
1044 967 1192 1007 τούτων
1226 967 1409 1017 οὐδεμίαν
1445 968 1596 1013 δώσων,

272 1034 376 1074 ὥστε
399 1035 520 1084 μόνος
550 1034 644 1074 δέκα
673 1038 751 1074 τῶν
777 1035 1059 1087 συναρχόντων
1088 1035 1212 1073 ὄντων
1244 1039 1352 1090 κοινῇ
1378 1034 1445 1073 τὸν
1474 1034 1598 1086 λόγον

272 1100 474 1152 ἐγγράψαι
498 1101 582 1151 μετ’
603 1100 886 1151 Ἀνδροτίωιος
911 1101 1147 1150 ἐτόλμησεν.
1207 1105 1349 1151 προῖκα
1374 1100 1460 1152 γάρ,
1482 1100 1597 1141 οὐδὲν

272 1167 561 1218 ὠφελούμενος,
606 1169 695 1217 ὑμῖν
737 1166 984 1217 Τιμοκράτης
1032 1165 1297 1219 ἀπεχθάνεται
1346 1167 1408 1207 καὶ
1455 1167 1596 1217 νόμους

272 1234 452 1285 εἰσφέρει
477 1237 602 1274 πᾶσιν
628 1235 841 1278 ἐναντίους,
867 1237 911 1274 τὸ
937 1237 1164 1273 τελευταῖον
1189 1236 1229 1274 δὲ
1262 1234 1322 1273 καὶ
1348 1235 1464 1273 αὑτοῦ
1490 1234 1595 1288 νόμῳ

270 1300 458 1355 προτέρῳ,
486 1301 506 1341 ὃ
531 1303 585 1351 μὰ
610 1301 681 1351 την
707 1300 881 1350 Ἀθηνᾶν
906 1299 985 1339 οὐδ’
1009 1301 1107 1350 ὑμᾶς
1134 1302 1266 1350 οἴομαι
1289 1300 1513 1340 λανθάνειν.

331 1366 384 1407 AO
409 1369 540 1408 τοίνυν
566 1368 700 1419 ἔμοιγε
725 1371 833 1408 δοκεῖ
852 1366 1014 1417 μάλιστ’
1034 1366 1146 1417 ἄξιον
1171 1368 1290 1418 ὀργῆς
1316 1367 1428 1413 εἶναι,
1451 1366 1594 1419 φράσω

270 1435 332 1474 καὶ
358 1434 426 1474 οὑκ
453 1435 744 1487 ἀποτρέψομαι,
773 1436 833 1474 ὅτι
861 1433 979 1479 ταῦτ’,
1008 1432 1036 1473 ὦ
1067 1433 1204 1485 ἄνδρες
1229 1433 1444 1483 Ἀθηναῖοι,
1473 1431 1592 1485 πράτ-

267 1517 344 1540 των
378 1502 439 1542 ἐπ’
466 1503 646 1555 ἀργυρίῳ,
677 1503 739 1541 καὶ
771 1500 1043 1556 προῃρημένος
1074 1500 1125 1542 ὡς
1159 1501 1315 1550 ἀληθῶς
1347 1503 1592 1551 μισθαρνεῖν,

268 1567 335 1607 οὐκ
362 1570 416 1610 εἰς
441 1568 464 1608 ἃ
491 1568 552 1608 καὶ
580 1568 820 1620 συγγνώμην
840 1567 1013 1608 ἀκούσας
1038 1567 1086 1606 ἄν
1110 1584 1167 1608 τις
1195 1567 1304 1620 ἔσχε,
1327 1566 1434 1606 ταῦτ’
1455 1567 1591 1606 ἀναλί-

268 1651 366 1675 σκει.
428 1639 549 1675 ταῦτα
583 1635 615 1674 δ’
643 1636 754 1675 ἐστὶν
787 1635 842 1679 τίς
885 1635 904 1673 ό
938 1633 1079 1684 πατήρ,
1115 1631 1143 1672 ὦ
1178 1633 1315 1684 ἄνδρες
1348 1633 1542 1679 δικασταί,
1574 1634 1593 1672 ὁ

265 1701 402 1742 τούτου
420 1706 472 1756 τῷ
500 1702 675 1755 δημοσίῳ
702 1703 871 1753 ὀφείλει·
911 1701 972 1740 καὶ
1000 1700 1066 1739 οὐκ
1087 1701 1284 1750 ὀνειδίζων
1311 1702 1443 1755 ἐκείνῳ
1470 1700 1591 1752 λέγω,

265 1767 357 1808 ἀλλ’
384 1769 713 1819 ἀναγκαζόμενος·
758 1768 819 1807 καὶ
844 1767 957 1809 οὗτος
981 1767 1002 1806 ὁ
1027 1770 1200 1820 χρηστὸς
1225 1773 1400 1821 περιορᾷ.
1468 1767 1593 1806 καίτοι

265 1835 376 1876 ὅστις
415 1835 577 1885 μέλλων
619 1833 933 1885 κληρονομήσειν
973 1836 1041 1883 τῆς
1082 1834 1249 1884 ἀτιμίας,
1287 1833 1335 1873 ἂν
1373 1834 1521 1874 ἐκεῖνός
1556 1849 1593 1872 τι

265 1901 384 1957 πάθῃ,
411 1902 462 1952 μὴ
489 1903 611 1942 οἴεται
638 1904 720 1941 δεῖν
753 1903 941 1949 ἐκτεῖσαι,
970 1901 1076 1940 ἀλλὰ
1107 1901 1336 1954 κερδαίνειν,
1366 1899 1411 1940 ὃν
1445 1901 1592 1941 ἐκεῖνος

267 1968 310 2024 ζῇ
334 1969 492 2021 χρόνον,
516 1967 623 2018 ἀξιοῖ
643 1971 757 2007 τοῦτο
777 1971 822 2007 τὸ
849 1967 993 2018 κέρδος,
1017 1968 1123 2009 τίνος
1149 1967 1195 2006 ἂν
1220 1968 1310 2017 ὑμῖν
1337 1965 1593 2019 ἀποσχέσθαι

264 2037 388 2081 δοκεῖ,·
428 2035 490 2074 καὶ
514 2039 583 2075 τὸν
607 2038 679 2085 μὲν
706 2034 842 2085 πατέρ’
869 2033 948 2073 οὔτ’
976 2035 1100 2075 ἐλεεῖς
1130 2034 1219 2074 οὔτε
1251 2032 1360 2073 δεινά
1394 2050 1460 2073 σοι
1487 2035 1594 2072 δοκεῖ

264 2100 453 2155 πάσχειν,
483 2103 515 2142 εἰ
542 2105 615 2141 σοῦ
640 2101 921 2151 λαμβάνοντος
947 2101 1011 2141 καὶ
1043 2099 1379 2153 χρηματιζομένου
1408 2099 1485 2139 ἀπὸ
1514 2103 1592 2139 τῶν

308 2223 327 2250 4
359 2214 502 2252 ὑφαιρεῖν
531 2211 676 2241 SFYO
812 2222 943 2251 στρωμα
970 2210 993 2239 S
1020 2210 1113 2240 solus
1245 2208 1287 2248 εἴ]
1314 2210 1333 2246 ἥ
1361 2209 1485 2238 SAF:
1517 2207 1536 2245 ἦ
1562 2209 1592 2238 Y

263 2256 285 2285 6
308 2256 552 2296 σχετλιωτέρον
571 2255 683 2285 ΑΥΟ
840 2264 873 2292 17
898 2255 914 2285 ἲ)
933 2254 1019 2292 vulg.
1040 2265 1046 2283 1
1071 2256 1106 2284 ὒν
1126 2253 1148 2282 S
1162 2253 1192 2283 O
1349 2253 1387 2282 18
1411 2254 1498 2292 ἄξιον
1514 2257 1591 2282 ante

264 2299 361 2338 ὀργῆς
380 2298 403 2328 S
419 2298 443 2328 Β
459 2310 464 2328 :
492 2304 567 2338 post
586 2299 683 2339 ὀργῆς
702 2298 790 2336 vulg.
889 2307 927 2335 19
953 2296 1171 2338 ἀποτρέψομαι
1192 2296 1233 2325 S:
1262 2296 1479 2336 ἀποκρύψομαι
1498 2300 1589 2327 cett..

264 2341 303 2371 cs.
334 2343 369 2378 §5
400 2351 427 2379 Ι,
457 2351 516 2379 104
687 2351 723 2371 21
760 2342 797 2373 ἄν
822 2353 870 2372 τις
896 2340 1032 2372 ἀκούσας
1060 2339 1083 2369 F
1209 2339 1316 2379 ταῦτ’]
1341 2339 1429 2370 τοῦτ’
1456 2338 1592 2368 Dobree

264 2385 305 2414 28
329 2384 471 2425 πάσχειν
489 2388 578 2417 δοκεῖ
592 2385 621 2415 Α
634 2384 663 2415 Y
677 2384 706 2415 Ο

1621 523 1637 553 5

1624 855 1659 876 10

1622 1188 1655 1218 15

1617 1521 1654 1542 20

1615 1853 1650 1883 ²5
