1737 2734
65 877 104 900 10

65 1212 101 1245 ¹5

63 1545 102 1567 20

63 1879 99 1911 25

61 2213 101 2243 30

127 149 218 208 κΧι]
547 154 708 193 ΚΑΤΑ
758 155 1036 194 ΜΕΙΔΙΟΎ

126 265 189 300 ina
214 259 364 301 τούτων
387 262 466 300 τῶν
490 260 625 312 λόγων
651 259 854 313 συνάγειν.
926 259 1012 313 ἔχει
1041 259 1074 300 δ’
1100 260 1175 314 οὐχ
1199 261 1300 301 οὕτω
1326 263 1459 307 ταῦτα,

126 326 207 367 οὐδ’
234 326 364 378 ἐγγύς.
436 325 578 367 οὐδένα
608 328 682 379 γὰρ
708 330 786 368 τῶν
816 327 1057 369 ἀδικούντων
1083 328 1194 378 ὑμεῖς
1224 327 1352 368 οὐδενὶ
1383 331 1461 369 τῶν

127 394 356 445 κατηγόρων
385 394 573 434 ἐκδίδοτε·
613 394 702 434 οὐδὲ
733 396 808 446 γὰρ
839 395 1001 435 ἐπειδὰν
1031 395 1196 451 ἀδικηθῇ
1226 411 1296 440 τις,
1329 394 1380 436 ὡς
1413 394 1462 435 ἂν

125 461 295 501 ἕκαστος
324 461 421 510 ὑμᾶς
447 461 467 499 ὁ
493 461 631 501 παθὼν
657 462 792 517 πείσῃ,
822 464 1001 502 ποιεῖσθε
1028 460 1099 511 τὴν
1124 462 1326 513 τιμωρίαν,
1354 462 1461 502 ἀλλὰ

124 526 357 567 τούναντίον
382 528 524 577 νόμους
549 527 691 568 ἔθεσθε
716 528 793 580 πρὸ
820 531 900 568 τῶν
926 527 1188 578 ἀδικημάτων,
1217 527 1278 568 ἐπ’
1299 527 1461 579 ἀδήλοις

123 596 197 644 μὲν
215 596 296 635 τοῖς
321 593 596 643 ἀδικήσουσιν,
619 593 781 644 ἀδήλοις
808 597 848 635 δὲ
874 599 957 637 τοῖς
983 594 1298 646 ἀδικησομένοις.
1353 595 1461 636 οὗτοι

124 662 165 700 δὲ
200 661 241 701 τί
271 663 456 701 ποιοῦσιν
491 663 528 701 οἱ
564 661 697 712 νόμοι,·
738 663 862 702 πᾶσιν
897 662 1186 714 ὑπισχνοῦνται
1218 665 1300 704 τοῖς
1337 663 1380 703 ἐν
1413 664 1460 718 τῇ

124 727 254 773 πόλει,
292 728 418 777 δίκην,
454 727 502 768 ἂν
538 728 702 784 ἀδικηθῇ
740 744 813 774 τις,
850 728 1017 769 ἔσεσθαι
1053 727 1101 768 δι’
1133 728 1262 769 αὐτῶν
1297 733 1457 780 λαβεῖν.

123 795 219 834 ὅταν
243 794 374 834 τοίνυν
393 797 472 834 τῶν
498 794 832 846 παραβαινόντων
857 796 944 835 τινὰ
969 794 1059 836 τοὺς
1084 796 1225 846 νόμους
1252 795 1456 846 κολάζητε,

124 859 169 899 οὐ
194 864 276 902 τοῖς
305 861 538 912 κατηγόροις
568 864 706 901 τοῦτον
735 861 923 908 ἐκδίδοτε,
950 862 1056 901 ἀλλὰ
1081 862 1172 903 τοὺς
1202 863 1343 913 νόμους
1368 863 1459 913 ὑμῖν

124 926 256 968 αὐτοῖς
297 930 528 977 βεβαιοῦτε.
600 928 707 967 ἀλλὰ
746 927 824 978 μὴν
863 928 960 979 πρός
999 945 1045 980 γε
1085 932 1129 968 τὸ
1166 931 1356 975 τοιοῦτον,
1397 930 1456 969 ὅτι

126 993 443 1044 ’Δημοσθένης’
481 995 609 1046 φησὶν
647 994 893 1046 (ὕβρισταιᾙ
929 996 1078 1037 δίκαιος
1119 996 1181 1035 καὶ
1224 998 1352 1037 κοινὸς
1394 998 1457 1036 καὶ

123 1061 221 1111 ὑπὲρ
246 1059 432 1101 ἁπάντων
457 1059 543 1100 ἔσθ’
568 1061 588 1100 ὁ
612 1061 748 1112 λόγος.
820 1060 865 1101 οὗ
889 1062 964 1114 γὰρ
990 1062 1045 1103 εἰς
1071 1061 1338 1112 Δημοσθένην
1362 1064 1457 1103 ὄντα

122 1127 163 1177 μ’
182 1126 400 1179 ἠσέλγαινε
423 1127 547 1177 μόνον
574 1127 719 1177 ταύτην
745 1127 817 1177 τὴν
842 1127 1004 1180 ἡμέραν,
1032 1129 1140 1168 ἀλλὰ
1165 1128 1229 1168 καὶ
1254 1129 1310 1171 εἷς
1334 1145 1454 1182 χορη-

123 1193 196 1245 γὸν
224 1192 425 1245 ὑμέτερον·
463 1197 578 1233 τοῦτο
611 1193 644 1234 δ’
674 1195 773 1234 ὅσον
803 1196 964 1235 δύναται
992 1195 1142 1247 γνοίητ’
1171 1194 1221 1236 ἂν
1251 1197 1294 1236 ἐκ
1323 1197 1453 1236 τωνδί.

123 1262 210 1301 ἴστε
235 1259 358 1310 δήπου
382 1259 488 1300 τοῦθ’
514 1261 574 1301 ὅτι
598 1264 676 1301 τῶν
702 1263 956 1312 θεσμοθετῶν
980 1262 1128 1302 τούτων
1152 1261 1281 1303 οὐδενὶ
1308 1265 1452 1313 θεσμο-

123 1326 238 1378 θέτης
267 1326 351 1367 ἕστ’
380 1329 516 1378 ὄνομα,
549 1327 641 1368 ἀλλ’
673 1326 876 1378 ὁτιδήποθ’
906 1327 1075 1383 ἑκάστῳ.
1144 1328 1194 1369 ἂν
1221 1330 1296 1380 μὲν
1323 1330 1454 1370 τοίνυν

123 1394 280 1444 ἰδιώτην
305 1395 402 1434 ὄντα
429 1393 505 1434 τιν’
530 1394 659 1435 αὐτῶν
688 1395 839 1451 ὑβρίσῃ
867 1411 926 1437 τις
954 1391 978 1445 ἢ
1009 1398 1136 1437 κακῶς
1165 1396 1267 1452 εἴπῃ,
1294 1396 1453 1448 γραφὴν

122 1462 276 1513 ὕβρεως
301 1461 364 1502 καὶ
388 1460 500 1511 δίκην
526 1462 760 1514 κακηγορίας
786 1462 890 1502 ι’δίαν
914 1460 1114 1514 φεύξεται,
1145 1464 1215 1503 ἐὰν
1240 1464 1281 1503 δὲ
1307 1465 1453 1514 θεσμο-

122 1527 252 1578 θέτην,
279 1526 415 1579 ἄτιμος
440 1528 556 1568 ἔσται
581 1527 773 1579 καθάπαξ.
827 1529 892 1568 διὰ
917 1528 973 1575 τί;
1011 1530 1072 1569 ὅτι
1096 1529 1187 1571 τοὺς
1211 1530 1354 1580 νόμους
1378 1529 1452 1580 ἤδη

122 1595 142 1633 ὁ
171 1599 288 1635 τοῦτο
324 1598 448 1636 ποιῶν
481 1595 742 1646 προσυβρίζει
775 1595 837 1635 καὶ
869 1594 938 1635 τὸν
970 1595 1157 1647 ὑμέτερον
1192 1596 1324 1636 κοινὸν
1358 1596 1449 1637 στέ-

122 1667 252 1714 φανον
277 1662 341 1702 καὶ
365 1664 407 1701 τό
432 1663 502 1711 τῆς
526 1662 681 1703 πόλεως
705 1663 842 1713 ὄνομα·
880 1662 901 1700 ὁ
925 1663 999 1714 γὰρ
1026 1662 1270 1713 θεσμοθέτης
1295 1662 1452 1706 οὐδενὸς

121 1729 338 1781 ἀνθρώπων
363 1727 447 1768 ἔστ’
467 1729 604 1778 ὄνομα,
631 1729 738 1768 ἀλλὰ
762 1731 832 1779 τῆς
856 1728 1022 1771 πόλεως.
1079 1729 1141 1769 καὶ
1167 1728 1288 1770 πάλιν
1312 1746 1359 1781 γε
1383 1734 1450 1770 τόι·

121 1795 307 1849 ἄρχοντα,
337 1794 454 1835 ταύτὸ
485 1798 611 1840 τοῦτο,
644 1796 712 1835 ἐὰν
741 1798 813 1846 μὲν
844 1795 1177 1847 ἐστεφανωμένον
1206 1795 1362 1852 πατάξῃ
1392 1814 1450 1838 τις

120 1859 143 1912 ἢ
175 1865 300 1904 κακῶς
332 1863 434 1918 εἴπῃ,
465 1861 613 1912 ἄτιμος,
646 1862 714 1902 ἐὰν
743 1861 776 1901 δ’
806 1862 975 1912 ἰδιώτην,
1008 1863 1086 1916 ἰδίᾳ
1116 1863 1313 1904 ὑπόδικος.
1387 1865 1449 1903 καὶ

121 1929 166 1969 οὗ
193 1929 315 1979 μόνον
341 1929 430 1980 περὶ
453 1928 604 1968 τούτων
629 1929 728 1968 οὕτω
753 1927 859 1968 ταῦτ’
884 1928 981 1982 ἔχει,
1009 1929 1116 1969 ἀλλὰ
1146 1929 1209 1969 καὶ
1233 1930 1322 1981 περὶ
1348 1928 1446 1970 πάν-

121 2012 200 2036 των
231 1996 289 2038 οἷς
325 1995 373 2035 ἂν
406 1995 428 2045 ἡ
462 1996 578 2036 πόλις
610 1994 684 2035 τιν’
718 1994 852 2036 ἄδειαν
884 1993 906 2045 ἢ
943 1997 1274 2049 στεφανηφορίαν
1305 1995 1330 2046 ἥ
1361 2013 1449 2036 τινα

120 2062 236 2113 τιμὴν
266 2065 331 2116 δῷ.
402 2063 501 2102 οὕτω
533 2063 666 2102 τοίνυν
699 2062 762 2101 καὶ
798 2061 879 2113 ἐμέ,
915 2063 949 2102 εἰ
984 2065 1058 2113 μὲν
1091 2064 1133 2103 ἐν
1165 2062 1308 2104 ἄλλαις
1341 2064 1448 2103 τισὶν

120 2128 282 2181 ἡμέραις
313 2128 478 2179 ἠδίκησέ
505 2145 543 2168 τι
570 2128 718 2169 τούτων
748 2130 916 2171 Μειδίας
950 2129 1106 2180 ἰδιώτην
1135 2131 1241 2175 ὄντα,
1274 2130 1351 2183 ἰδίᾳ
1385 2130 1448 2170 καὶ

121 2197 232 2246 δίκην
256 2198 457 2248 προσῆκεν
483 2195 584 2250 αὐτῷ
617 2196 780 2236 διδόναι·
820 2197 852 2236 εἰ
882 2198 924 2236 δὲ
953 2199 1128 2250 χορηγὸν
1153 2196 1235 2237 ὄνθ’
1260 2195 1447 2248 ὑμέτερον

168 2316 181 2336 1
209 2305 376 2347 συνάγειν]
397 2305 575 2347 συλλέγειν
593 2305 652 2336 FS
669 2318 720 2346 γρ.
871 2315 891 2344 3
914 2306 976 2347 γὰρ
993 2316 1058 2337 om.
1078 2306 1108 2335 A
1272 2316 1306 2336 11
1334 2308 1447 2340 αὐτοὺς

327 2359 435 2388 22—23
475 2352 491 2381 ὁ
521 2350 584 2390 γὰρ
615 2348 811 2388 θεσμοθέτης
843 2373 849 2379 .
878 2373 884 2379 .
913 2373 920 2380 .
953 2351 1012 2386 τῆς
1043 2350 1168 2381 πόλεως
1199 2349 1278 2380 secl.
1313 2350 1446 2381 Dobree

122 2402 227 2465 εἱς-,25
251 2392 376 2434 πατάξῃ
401 2405 450 2425 τις
475 2416 481 2423 .
503 2416 510 2423 .
529 2416 536 2423 .
566 2395 637 2435 εἴπῃ
662 2394 750 2430 vulg.
774 2394 797 2423 S
814 2406 864 2434 γρ.
884 2404 890 2423 :
915 2397 1069 2433 παταξηις
1094 2415 1100 2422 .
1121 2416 1128 2423 .
1150 2416 1156 2423 .
1185 2406 1274 2431 ειπης
1297 2393 1320 2424 S
1342 2394 1444 2433 solus,

122 2447 137 2466 c
155 2459 161 2466 .
182 2447 214 2466 ιν
230 2446 272 2473 40

1494 155 1608 211 1524}

1495 275 1539 309 30

1487 1277 1529 1311 32

1482 1860 1588 1914 {525}

1480 2211 1522 2244 34
