1737 2734
104 859 138 880 ¹0

166 135 240 190 xx]
557 140 714 178 ΠΡΟΣ
764 141 1103 178 ΛΕΠΤΙΝΗΝ

162 244 270 294 ὑμῶν
304 243 447 292 λαβὼν
485 242 708 284 κατέλιπεν.
780 242 874 283 ἀλλ’
907 242 1033 284 οὐδέν’
1068 243 1286 295 ἀνθρώπων
1319 243 1360 283 εῦ
1393 248 1492 296 φρο-

163 309 290 350 νοῦντ’
323 309 432 359 οἶμαι
465 309 571 349 ταῦτ’
600 309 648 350 ἂν
683 311 814 362 φῆσαι
847 313 977 351 καλῶς
1009 309 1131 363 ἔχειν.
1204 311 1290 350 ἴστε
1321 312 1394 360 μὲν
1426 310 1494 350 οῦν

164 378 274 422 ἴσως,
302 377 364 416 καὶ
389 375 482 416 ἄνευ
505 380 572 416 τοῦ
597 376 687 428 παρ’
709 377 804 427 ἐμοῦ
827 377 964 428 λόγου,
991 377 1050 416 ὅτι
1076 379 1289 418 σπουδαῖος
1309 377 1493 428 Χαβρίας

164 442 210 492 ἦν
244 442 354 494 ἀνήρ,
381 443 426 483 οὐ
459 442 536 493 μὴν
570 443 713 484 κωλύει
745 442 783 495 γ’
809 443 922 483 οὐδὲν
956 444 1051 493 κάμὲ
1085 444 1149 482 διὰ
1181 442 1371 496 βραχέων
1405 445 1488 484 ἐπι-

161 511 386 560 μνησθῆναι
424 513 502 549 τῶν
540 509 829 562 πεπραγμένων
865 509 981 564 αὐτῷ.
1051 509 1096 549 ὃν
1131 511 1203 560 μὲν
1239 509 1306 550 οῦν
1345 510 1492 561 τρόπον

161 576 260 626 ὑμᾶς
299 576 404 629 ἔχων
442 575 538 627 πρὸς
573 575 750 618 ἅπαντας
788 577 1141 627 Πελοποννησίους
1177 574 1412 628 παρετάξατ’
1449 578 1491 617 ἐν

164 641 337 692 Θήβαις,
374 642 435 682 καὶ
470 643 521 684 ὡς
556 643 772 695 Γοργώπαν
805 642 1032 683 ἀπέκτεινεν
1065 644 1107 683 ἐν
1141 644 1296 699 Αἰγίνῃ,
1333 643 1395 683 καὶ
1427 644 1491 683 ὅσ’

162 710 205 748 ἐν
231 709 375 763 Κύπρῳ
405 709 558 760 τρόπαι’
584 710 757 760 ἔστησεν
785 710 846 750 καὶ
875 711 973 760 μετὰ
1001 709 1106 750 ταῦτ’
1131 711 1174 749 εἰ)
1200 710 1400 764 Αἰγύπτῳ,
1427 712 1491 751 καὶ

161 776 222 814 ὅτι
254 778 390 816 πᾶσαν
424 776 602 816 ἐπελθὼν
634 777 771 828 ὀλίγου
804 775 878 816 δέω
912 775 1046 828 λέγειν
1078 777 1213 829 χώραν
1245 776 1416 828 οὐδαμοῦ
1447 777 1491 818 τὸ

161 845 230 892 τῆς
256 843 410 884 πόλεως
436 842 545 893 ὄνομ’
570 842 652 883 οὐδ’
679 842 797 883 αὑτὸν
823 844 1085 899 κατῄσχυνεν,
1111 844 1201 883 οὔτε
1226 843 1328 884 πάνυ
1355 841 1491 898 ῥᾴδιον

163 911 258 948 κατὰ
294 908 366 959 τὴν
402 908 515 960 ἀξίαν
552 911 689 955 εἰπεῖν,
725 908 858 959 πολλή
893 909 927 949 τ’
961 910 1132 962 αἰσχύνη
1168 909 1360 962 λέγοντος
1397 912 1491 961 ἐμοῦ

160 975 267 1015 ταῦτ’
295 974 446 1016 ἐλάττω
473 978 647 1028 φανῆναι
672 978 740 1026 τῆς
767 977 810 1016 ἐν
834 975 988 1030 ἑκάστῳ
1014 980 1083 1016 νῦν
1113 977 1200 1028 περὶ
1229 976 1345 1017 αὐτοῦ
1374 976 1490 1028 δόξης

159 1043 430 1095 ὑπαρχούσης·
467 1043 492 1082 ἃ
517 1042 549 1083 δ’
574 1043 752 1093 οὐδαμῶς
776 1041 825 1083 ἂν
850 1043 971 1083 εἰπὼν
1001 1044 1133 1094 οἴομαι
1163 1045 1281 1095 μικρὰ
1311 1046 1487 1095 ποιῆσαι,

158 1108 266 1148 ταῦθ’
300 1109 526 1159 ὑπομνῆσαι
559 1109 811 1162 πειράσομαι.
884 1111 1067 1160 ἐνίκησεν
1100 1112 1173 1161 μὲν
1204 1110 1336 1150 τοίνυν
1360 1114 1486 1152 Λακε-

159 1176 380 1225 δαιμονίους
417 1177 615 1230 ναυμαχία
651 1176 714 1216 καὶ
753 1176 997 1227 πεντήκοντα
1034 1179 1126 1227 μιᾶς
1163 1177 1333 1219 δεούσας
1371 1177 1488 1229 ἔλαβ’

158 1242 435 1294 αἰχμαλώτους
454 1241 636 1295 τριήρεις,
660 1243 743 1284 εἷλε
760 1245 803 1284 δὲ
822 1246 900 1284 τῶν
920 1242 1056 1293 νήσων
1074 1243 1222 1284 τούτων
1241 1245 1311 1285 τὰς
1331 1246 1488 1286 πολλὰς

158 1309 222 1348 καὶ
253 1308 479 1360 παρέδωκεν
513 1310 603 1360 ὑμῖν
640 1310 703 1350 καὶ
737 1310 875 1361 φιλίας
908 1310 1098 1360 ἐποίησεν
1132 1312 1282 1364 ἐχθρῶς
1315 1311 1488 1364 ἐχούσας

157 1376 361 1427 πρότερον,
382 1377 588 1428 τρισχίλια
613 1376 647 1416 δ’
669 1376 903 1429 αἰχμάλωτα
929 1377 1094 1428 σώματα
1119 1377 1220 1429 δεῦρ’
1239 1376 1401 1429 ἤγαγεν,
1424 1380 1487 1419 καὶ

856 1443 865 1457 J
894 1444 904 1458 7
953 1443 962 1457 Ι

155 1445 270 1482 πλεῖν
295 1439 318 1491 ἢ
344 1441 437 1482 δέκα
462 1443 524 1483 καὶ
545 1443 684 1483 ἑκατὸν
703 1443 853 1484 τάλαντ
885 1443 1058 1496 απεφην’
1077 1444 1154 1484 ἀπὸ
1172 1448 1250 1484 τῶν
1270 1445 1484 1495 πολεμίων.

96 1523 109 1542 2
155 1509 218 1548 καὶ
249 1509 397 1550 τούτων
434 1508 593 1550 πάντων
628 1510 736 1560 ὑμῶν
771 1512 875 1551 τινὲς
911 1512 948 1550 οἱ
983 1511 1256 1562 πρεσβύτατοι
1290 1510 1483 1564 μάρτυρές

154 1576 236 1616 εἰσί
256 1592 336 1626 μοι.
406 1575 504 1628 πρὸς
529 1579 571 1617 δὲ
600 1577 752 1618 τούτοις
783 1577 911 1618 ἄλλας
940 1576 1110 1629 τριήρεις
1141 1581 1256 1618 πλεῖν
1281 1574 1304 1628 ἢ
1331 1579 1483 1619 εἴκοσιν

153 1643 248 1688 εἷλε,
288 1644 384 1683 κατὰ
421 1643 514 1693 μίαν
551 1643 613 1683 καὶ
649 1643 717 1684 δύο
752 1643 986 1695 λαμβάνων,
1025 1645 1070 1685 ἃς
1108 1643 1267 1686 ἁπάσας
1303 1646 1358 1687 εἰς
1393 1645 1484 1688 τοὺς

152 1708 360 1762 ὑμετέρους
384 1709 548 1760 λιμένας
575 1709 811 1763 κατήγαγεν.
872 1711 930 1751 ἑνὶ
956 1713 997 1751 δὲ
1024 1712 1229 1766 κεφαλαίῳ
1259 1712 1380 1762 μόνος
1403 1715 1483 1753 τῶν

152 1775 311 1816 πάντων
350 1781 584 1829 στρατηγῶν
623 1777 667 1817 οὐ
706 1778 837 1823 πόλιν,
877 1777 923 1817 οὐ
961 1778 1163 1830 φρούριον,
1204 1778 1249 1818 οὐ
1286 1782 1396 1825 ναῦν,
1437 1780 1482 1819 οὐ

152 1843 397 1894 στρατιώτην
434 1844 644 1884 ἀπώλεσεν
680 1844 806 1884 οὐδέν’
842 1844 1059 1896 ἡγούμενος
1095 1846 1215 1895 ὑμῶν,
1252 1845 1332 1886 οὐδ’
1370 1845 1483 1886 ἔστιν

149 1909 278 1950 οὐδενὶ
311 1913 388 1950 τῶν
421 1910 618 1963 ὑμετέρων
651 1912 804 1964 ἐχθρῶν
837 1912 1027 1963 τρόπαιον
1059 1911 1172 1952 οὐδὲν
1203 1911 1275 1963 ἀφ’
1300 1913 1409 1963 ὑμῶν
1439 1929 1482 1953 τε

150 1976 343 2023 κάκείνου,
369 1978 459 2027 ὑμῖν
485 1976 517 2016 δ’
537 1978 613 2017 ἀπὸ
639 1981 804 2017 πολλῶν
828 1977 947 2018 πόλλ’
974 1978 1124 2018 ἐκείνου
1151 1982 1479 2030 στρατηγοῦντος.

148 2043 213 2083 ἵνα
248 2045 289 2084 δὲ
326 2043 379 2094 μὴ
417 2043 549 2095 λέγων
587 2046 798 2095 παραλίπω
837 2060 875 2084 τι
913 2048 991 2084 τῶν
1030 2044 1321 2096 πεπραγμένων
1361 2045 1477 2100 αὐτῷ,

147 2110 424 2162 ἀναγνώσεται
442 2109 716 2162 γεγραμμένας
739 2112 830 2161 ὑμῖν
854 2110 924 2153 τάς
943 2128 985 2151 τε
1003 2115 1097 2153 ναῦς
1121 2112 1220 2153 ὅσας
1246 2111 1395 2162 ἔλαβεν
1416 2113 1479 2152 καὶ

190 2229 209 2249 2
235 2220 273 2251 ἂν
289 2224 367 2250 ante
385 2219 469 2258 οἶμαι
488 2219 513 2249 F
531 2221 610 2257 (om.
625 2224 705 2250 ante
723 2222 837 2260 φῆσαι)
969 2229 1005 2258 17
1032 2220 1142 2260 φιλίας
1161 2220 1185 2251 S
1199 2220 1244 2252 L:
1272 2222 1369 2261 φίλας
1384 2221 1473 2260 vulg.

150 2272 188 2300 19
211 2262 313 2294 πλέον
329 2263 427 2293 codd.
446 2263 498 2293 hic
515 2263 586 2293 etl.
608 2273 659 2301 21,
675 2263 717 2294 cf.
738 2266 754 2300 ξ
776 2273 845 2302 152,
862 2263 921 2294 xxi
942 2273 1013 2302 173,
1033 2264 1116 2293 xxiii
1138 2273 1209 2302 110,
1230 2274 1302 2304 149,
1320 2265 1400 2295 xxiv
1417 2275 1473 2303 141

145 2316 188 2335 20
218 2305 304 2338 τινὲς
328 2310 403 2346 post
427 2308 512 2344 ὑμῶν
537 2306 560 2336 S
576 2306 601 2336 L
626 2306 739 2345 vulg.:
770 2312 849 2337 ante
875 2309 959 2345 ὑμῶν
983 2307 1036 2337 A:
1072 2307 1146 2338 sort.
1173 2307 1355 2338 delendum
1447 2310 1477 2340 οἱ

146 2349 366 2390 πρεσβύτατοι
383 2350 462 2379 secl.
477 2349 607 2380 Cobet:
632 2351 661 2381 οἵ
676 2350 890 2390 πρεσβύτεροι
912 2349 936 2379 F
952 2360 1041 2380 corr.
1132 2360 1173 2389 23
1197 2350 1231 2382 δὲ
1250 2351 1347 2382 codd.
1364 2362 1371 2382 :
1395 2350 1424 2384 δ’
1442 2355 1477 2384 ἐν

147 2391 245 2422 Blass
378 2394 421 2422 26
444 2406 481 2424 τε
498 2403 562 2423 om.
584 2393 608 2423 S
622 2392 647 2422 L
666 2392 708 2423 al.
727 2404 734 2422 :
757 2394 832 2424 add.
856 2392 923 2423 FX
937 2393 962 2423 L
978 2406 1030 2433 γρ.

1527 140 1643 195 [479]

1522 842 1641 897 [480]

1520 1125 1562 1159 77
