1737 2734
113 521 132 552 5

95 853 132 874 10

93 1520 132 1542 20

156 122 276 176 xxm]
470 128 601 169 KAT’
644 131 1161 169 ΑΡΙΣΤΟΚΡΑΤΟΎΣ

220 235 280 276 Οὐ
305 236 437 276 τοίνυν
462 237 504 275 ἐκ
529 236 675 275 τούτων
702 252 762 275 πω
788 236 911 285 δῆλόν
937 234 1036 281 ἐσθ’,
1064 236 1163 274 οὕτω
1193 238 1336 287 σαφῶς
1361 236 1483 284 δῆλον

153 303 213 352 ὄν,
235 302 285 343 ὡς
305 302 418 342 οὐδὲν
437 303 582 343 πιστόν
607 301 693 342 ἐσθ’
712 303 768 342 ὧν
787 302 934 343 ἐκεῖνός
955 307 1082 354 φησιν
1107 299 1412 354 [προσποιεῖται]
1437 307 1484 358 τῇ

153 369 268 409 πόλει
292 368 521 422 προσέχειν,
544 368 635 408 ἀλλ’
662 370 704 408 ἐκ
729 373 806 408 τῶν
830 371 928 420 μετὰ
953 372 1073 408 ταῦτα
1103 367 1346 419 συμβάντων
1371 368 1484 408 ἔσται

153 435 442 487 φανερώτερον.
513 435 580 475 τὸν
626 437 700 486 μὲν
742 437 817 487 γὰρ
860 436 1002 480 Κότυν,
1049 435 1089 475 εὖ
1131 439 1267 481 ποιῶν,
1307 436 1403 475 ὅντα
1445 435 1484 487 γ’

153 502 297 555 ἐχθρὸν
339 503 429 552 ὑμῖν
472 503 534 542 καὶ
577 501 749 553 πονηρὸν
792 503 1073 542 ἀποκτίννυσιν
1115 502 1136 541 ὁ
1176 502 1334 547 Πύθων,
1379 503 1399 542 ὁ
1440 504 1483 542 δὲ

154 568 471 621 Κερσοβλέπτης
491 570 511 608 ὁ
531 570 615 609 νυνὶ
636 569 869 619 βασιλεύων
887 569 1167 620 μειρακύλλιον
1188 568 1235 618 ἦν
1256 571 1318 610 καὶ
1337 569 1483 610 πάντες

153 637 190 676 οἱ
225 639 294 675 τοῦ
329 637 476 677 Κότυος
507 638 656 681 παῖδες,
690 639 768 675 τῶν
802 637 842 676 δὲ
876 635 1117 687 πραγμάτων
1150 636 1279 687 κύριος
1315 638 1378 676 διὰ
1409 635 1482 686 τὴν

152 703 375 754 παρουσίαν
420 703 481 743 καὶ
522 702 567 742 τὸ
609 703 772 752 δύναμιν
811 702 920 755 ἔχειν
960 703 979 741 ὁ
1020 703 1246 753 Χαρίδημος
1287 703 1479 755 ἐγεγόνει,

151 769 219 819 ἧκε
250 771 290 810 δὲ
320 770 596 821 Κηφισόδοτος
626 772 871 821 στρατηγῶν,
899 768 994 821 πρὸς
1019 767 1063 809 ὃν
1089 769 1204 811 αὐτὸς
1229 770 1386 822 ἔπεμψε
1410 770 1482 820 τὴν

151 835 371 886 ἐπιστολὴν
398 837 562 887 ἐκείνην,
593 835 655 875 καὶ
679 837 718 876 αἱ
743 834 925 887 τριήρεις,
954 837 1005 881 αἵ,
1033 835 1089 875 ὅτ’
1116 835 1164 885 ἦν
1189 836 1316 886 ἄδηλα
1341 838 1388 877 τὰ
1412 838 1482 887 τῆς

153 904 350 955 σωτηρίας
385 903 497 957 αὐτῷ,
538 903 600 943 καὶ
635 902 686 952 μὴ
722 906 1023 955 συγχωροῦντος
1057 902 1306 954 Ἀρταβάζου
1342 901 1480 958 σῴζειν

152 968 325 1019 ἔμελλον
344 969 474 1010 αὐτόν.
534 970 575 1010 τί
591 969 637 1019 δὴ
657 971 872 1021 προσῆκεν,
895 966 924 1008 ὦ
944 968 1082 1021 ἄνδρες
1102 969 1319 1019 Ἀθηναῖοι,
1340 969 1409 1010 τὸν
1429 970 1479 1012 ὡς

151 1036 308 1086 ἀληθῶς
333 1037 485 1077 ἁπλοῦν
512 1037 574 1076 καὶ
599 1036 735 1088 φίλον,
762 1037 956 1087 παρόντος
981 1037 1054 1086 μὲν
1079 1040 1303 1088 στρατηγοῦ
1327 1037 1400 1090 οὐχ
1425 1038 1479 1077 ὧν

151 1103 300 1144 ἐκεῖνος
337 1103 492 1155 ἔφησεν
527 1102 575 1143 ἂν
611 1103 712 1158 αὑτῷ
746 1105 910 1154 φθονεῖν
947 1102 1115 1149 οὐδενός,
1155 1103 1246 1143 ἀλλ’
1283 1102 1328 1144 ὃν
1364 1104 1480 1145 αὐτὸς

151 1171 290 1210 ἑαυτοῦ
322 1171 444 1222 φίλον
477 1171 685 1222 προείλετο
719 1173 798 1210 τῶν
834 1168 923 1219 παρ’
956 1170 1058 1220 ὑμῖν,
1097 1170 1160 1210 καὶ
1196 1169 1293 1222 πρὸς
1329 1169 1374 1211 ὃν
1409 1170 1481 1221 τὴν

152 1236 372 1286 ἐπιστολὴν
403 1237 640 1289 ἐπεπόμφει,
670 1237 993 1286 τετελευτηκότος
1023 1239 1065 1276 δὲ
1099 1237 1259 1282 Κότυος,
1288 1237 1418 1289 κύριον
1448 1237 1481 1277 δ’

151 1305 247 1343 ὄντα
266 1307 343 1343 τῶν
363 1303 623 1356 πραγμάτων;
663 1303 730 1343 οὐκ
756 1305 968 1344 ἀποδοῦναι
991 1305 1063 1354 μὲν
1083 1303 1153 1353 τὴν
1177 1304 1313 1357 χώραν
1339 1303 1481 1346 εὐθέως

151 1371 253 1421 ὑμῖν,
273 1376 383 1427 κοινῇ
400 1373 441 1410 δὲ
460 1371 545 1420 μεθ’
563 1372 668 1421 ὑμῶν
687 1370 920 1410 καθιστάναι
936 1369 1005 1410 τὸν
1024 1371 1203 1421 βασιλέα
1218 1373 1287 1421 τῆς
1305 1369 1478 1426 Θρᾴκης,

151 1440 332 1487 δηλῶσαι
359 1437 392 1477 δ’
418 1437 469 1479 ὡς
499 1436 608 1490 εἶχεν
638 1437 820 1478 εὐνοϊκῶς
850 1438 951 1487 ὑμῖν,
980 1440 1112 1489 καιροῦ
1141 1438 1320 1479 τοιούτου
1349 1438 1477 1489 λαβό-

150 1520 288 1554 μενον;
324 1504 441 1557 ἔγωγ’
461 1504 509 1544 ἂν
529 1505 664 1556 φαίην.
720 1503 779 1556 ἆρ’
799 1504 866 1544 οῦν
887 1504 1051 1554 ἐποίησέ
1070 1521 1106 1544 τι
1125 1505 1291 1552 τούτων;
1326 1509 1481 1545 πολλοῦ

151 1587 197 1622 γε
222 1574 290 1611 δεῖ.
348 1572 455 1611 ἀλλὰ
479 1574 548 1611 τὸν
572 1573 643 1622 μὲν
669 1570 825 1611 ἅπαντα
848 1572 994 1623 χρόνον
1018 1573 1142 1621 μῆνας
1169 1573 1265 1612 ἑπτὰ
1291 1572 1479 1624 διήγαγεν

151 1637 252 1688 ἡμᾶς
287 1642 485 1689 πολεμῶν,
521 1640 562 1678 ἐκ
601 1641 828 1690 προφανοῦς
865 1637 1006 1690 ἐχθρὸς
1043 1636 1097 1678 ὢν
1134 1638 1195 1677 καὶ
1231 1639 1317 1679 οὐδὲ
1354 1640 1479 1690 λόγον

152 1704 439 1756 φιλάνθρωπον
464 1705 604 1746 διδούς.
671 1705 734 1744 καὶ
758 1704 840 1744 κατ’
866 1705 992 1757 ἀρχὰς
1015 1708 1087 1755 μὲν
1112 1705 1219 1755 ἡμῶν
1246 1705 1338 1745 δέκα
1362 1705 1480 1746 ναυσὶ

151 1771 289 1821 μόναις
323 1773 378 1814 εἰς
406 1771 604 1824 Πέρινθον
637 1770 923 1823 ὁρμισαμένων,
956 1771 1180 1821 ἀκηκοότων
1211 1773 1270 1812 ὅτι
1304 1773 1479 1822 πλησίον

153 1838 265 1878 ἐστὶν
289 1839 451 1885 ἐκεῖνος,
478 1840 583 1880 ὅπως
613 1837 896 1889 συμμείξαιμεν
922 1837 1023 1893 αὐτῷ
1051 1838 1113 1878 καὶ
1139 1839 1226 1890 περὶ
1251 1839 1398 1878 τούτων
1425 1840 1480 1881 εἰς

151 1905 295 1956 λόγους
333 1905 530 1955 ἔλθοιμεν,
571 1903 968 1957 ἀριστοποιουμένους
1007 1903 1188 1956 φυλάξας
1225 1904 1314 1947 τοὺς
1356 1922 1475 1957 στρα-

151 1971 291 2013 τιώτας
322 1973 559 2024 ἐπεχείρησε
587 1974 659 2023 μὲν
682 1972 790 2022 ἡμῶν
816 1972 864 2010 τὰ
894 1971 1029 2023 σκάφη
1054 1975 1213 2021 λαβεῖν,
1240 1971 1416 2014 πολλοὺς
1445 1971 1479 2011 δ’

151 2037 356 2078 ἀπέκτεινε
372 2042 450 2079 τῶν
466 2042 630 2085 ναυτῶν,
650 2035 841 2089 κατήραξε
862 2037 894 2077 δ’
912 2039 966 2079 εἰς
982 2037 1053 2087 τὴν
1070 2037 1270 2078 θάλατταν
1287 2037 1476 2087 ἅπαντας,

194 2159 213 2178 2
237 2156 337 2189 φησιν
355 2148 378 2180 S
394 2149 440 2179 F:
463 2156 565 2189 φησιν
580 2149 600 2187 ἢ
617 2148 646 2178 Α
660 2148 689 2178 Y
703 2148 732 2178 O
751 2159 757 2178 ε
783 2156 862 2188 φησι
880 2148 930 2179 καὶ
949 2147 989 2177 al.
1162 2150 1380 2188 προσποιεῖται
1398 2147 1476 2178 secl.

152 2191 368 2223 Herwerden
545 2203 564 2231 3
597 2193 672 2223 ἀλλ’
699 2193 745 2222 S:
778 2192 865 2223 ἀλλὰ
889 2192 939 2222 καὶ
965 2196 1041 2221 cett.
1215 2201 1234 2229 5
1265 2191 1340 2230 ἡμῖν
1366 2191 1475 2222 SYO

149 2237 171 2265 6
193 2239 248 2268 νῦν
265 2235 297 2266 Α
391 2245 429 2274 13
452 2238 583 2273 ποιῆσαι
602 2241 678 2275 post
695 2236 792 2276 φίλον
809 2236 884 2266 add.
903 2234 991 2273 vulg.
1009 2246 1015 2265 :
1040 2244 1102 2264 om.
1127 2234 1150 2265 S
1163 2234 1228 2265 FY
1241 2234 1271 2264 O
1374 2244 1410 2272 14
1437 2236 1476 2266 ἃν

150 2284 227 2318 post
244 2280 366 2319 ἔφησεν
381 2280 456 2310 add.
474 2279 504 2309 A
523 2290 626 2318 marg.
647 2279 795 2309 Lambini
812 2290 818 2309 z
844 2289 907 2308 om.
927 2278 951 2308 S
968 2279 1057 2315 vulg.
1147 2281 1275 2317 φθονεῖν
1293 2280 1377 2310 αὐτῶ
1396 2279 1473 2316 (sic)

149 2328 227 2353 ante
246 2325 368 2363 ἔφησεν
384 2325 422 2355 ἂν
439 2323 469 2353 Α
571 2325 610 2352 16
633 2325 691 2354 τοῦ
711 2323 830 2354 Κότυος
847 2322 877 2352 Α
892 2321 917 2352 F
1017 2332 1054 2351 21
1082 2322 1132 2353 καὶ
1150 2324 1200 2353 δεῖ
1216 2321 1243 2351 Α
1258 2321 1282 2351 F
1371 2322 1475 2353 ἄλλον

149 2366 276 2399 ἅπαντα
300 2367 331 2397 Α
480 2377 520 2397 22
553 2368 634 2405 ἡμᾶς
660 2367 683 2396 S
708 2367 812 2405 vulg.‚
838 2366 879 2396 cf.
906 2365 987 2395 xviii
1013 2366 1074 2404 89:
1109 2365 1185 2404 ἡμῖν
1208 2365 1262 2395 A:
1293 2366 1369 2406 πρὸς
1392 2365 1474 2404 ἡμᾶς

149 2410 257 2441 Cobet
389 2422 428 2450 27
455 2412 641 2452 ἐνεχείρησε
659 2410 688 2439 Α

1515 131 1632 186 [674]

1517 242 1582 286 163

1515 976 1580 1018 164

1510 1036 1626 1093 [675]

1513 1511 1576 1555 165
