1737 2734
50 150 166 205 [622]

624 149 1107 187 ΔΗΜΟΣΘΕΝΟΎΣ
1399 144 1520 198 [xxm

200 256 290 305 ζειν,
317 256 351 295 εἰ
378 256 438 295 καὶ
464 258 579 294 τοῦτο
605 253 649 293 τὸ
674 252 854 304 ψήφισμ’
880 253 990 302 ἡμεῖς
1016 255 1115 292 οὕτω
1140 253 1414 305 γεγραμμένον
1433 255 1517 294 ἐπι-

197 321 373 372 δείξομεν
399 322 503 361 ὥστε
530 323 658 360 δοκεῖν
683 322 754 370 μὲν
792 318 1002 373 Χαριδήμῳ
1031 319 1212 371 φυλακήν
1236 337 1323 360 τινα
1347 324 1414 360 τοῦ
1440 320 1517 359 σώ-

197 405 318 438 ματος
343 389 504 432 διδόναι,
532 387 602 436 τὴν
630 387 680 428 ὡς
711 387 867 435 ἀληθῶς
894 388 933 425 δὲ
960 387 1112 426 δικαίαν
1140 386 1200 425 καὶ
1229 385 1403 436 βέβαιον
1427 383 1517 438 [φυ-

197 454 324 503 λακὴν
349 452 616 505 Χερρονήσου]
642 455 710 502 τῆς
734 453 888 493 πόλεως
914 453 1160 503 ἀποστερεῖν.
1223 452 1380 494 εἰκότως
1401 452 1432 492 δ’
1457 452 1518 498 ἄν,

198 519 227 560 ὦ
260 520 396 570 ἄνδρες
430 519 644 569 Ἀθηναῖοι,
675 519 734 558 καὶ
769 518 1007 571 προσέχοιτέ
1039 536 1105 568 μοι
1134 519 1201 558 τὸν
1234 522 1324 558 νοῦν
1351 519 1412 558 καὶ
1436 519 1520 569 μετ’
1540 533 1557 564 5

197 587 347 627 εὐνοίας
364 586 567 625 ἀκούσαιθ’
585 587 608 625 ἃ
624 585 743 636 λέγω.
794 585 925 634 ἐπειδὴ
944 585 1030 636 γάρ,
1050 585 1138 637 οὐχὶ
1155 589 1232 624 τῶν
1249 585 1521 637 ἐνοχλούντων

196 654 293 702 ὑμᾶς
312 653 399 692 οὐδὲ
416 656 492 692 τῶν
513 651 829 702 πολιτευομένων
850 653 911 691 καὶ
928 651 1221 701 πιστευομένων
1238 651 1327 702 παρ’
1349 653 1436 701 ὑμῖν
1453 653 1518 696 ὤν,

196 721 356 770 πρᾶγμα
390 719 622 768 τηλικοῦτόν
660 724 762 770 φημι
798 717 938 767 δείξειν
975 717 1262 770 πεπραγμένον,
1304 717 1384 763 ἐάν,
1423 719 1520 757 ὅσον

196 786 307 826 ἐστὶν
332 787 373 825 ἐν
398 787 499 835 ὑμῖν,
529 784 861 836 συναγωνίσησθέ
892 801 958 834 μοι
983 784 1046 824 καὶ
1079 785 1285 835 προθύμως
1311 784 1517 834 ἀκούσητε,

195 853 312 892 τοῦτό
335 869 376 891 τε
404 852 558 891 σώσετε
590 852 651 891 καὶ
677 850 863 900 ποιήσετε
889 851 940 900 μὴ
977 854 1190 896 κατοκνεῖν,
1219 850 1286 890 ἐάν
1311 852 1369 892 τίς
1392 867 1429 890 τι
1457 851 1520 890 καὶ

195 919 304 968 ἡμῶν
325 920 452 968 οἴηται
478 919 670 958 δύνασθαι
695 919 860 966 ποιῆσαι
884 917 955 966 τὴν
977 918 1093 957 πόλιν
1119 918 1281 968 ἀγαθόν.
1342 916 1519 966 οἰήσεται

195 985 249 1031 δέ,
276 984 323 1024 ἂν
347 985 398 1035 μὴ
424 984 604 1038 χαλεπὸν
630 983 729 1024 εἶναι
763 984 899 1039 νομίζῃ
925 983 969 1023 τὸ
994 983 1083 1035 παρ’
1111 985 1199 1034 ὑμῖν
1223 984 1346 1035 λόγου
1371 987 1518 1036 τυχεῖν.

196 1055 263 1092 νῦν
279 1054 319 1092 δὲ
340 1055 507 1093 πολλοῖς
522 1055 635 1090 τοῦτο
652 1050 933 1102 φοβουμένοις,
952 1050 1086 1102 λέγειν
1102 1052 1174 1100 μὲν
1192 1052 1287 1091 ἴσως
1303 1051 1348 1090 οὐ
1364 1053 1517 1096 δεινοῖς,

196 1120 380 1168 βελτίοσι
406 1118 438 1157 δ’
465 1118 685 1169 ἀνθρώποις
711 1121 787 1157 τῶν
817 1120 967 1161 δεινῶν,
995 1117 1084 1157 οὐδὲ
1116 1120 1280 1156 σκοπεῖν
1311 1115 1519 1170 ἐπέρχεται

194 1189 272 1225 τῶν
299 1188 437 1225 κοινῶν
463 1184 588 1224 οὐδέν.
661 1185 739 1236 ἐγὼ
772 1187 866 1235 γοῦν
894 1183 1039 1234 (ὀμνύω
1069 1183 1158 1224 τοὺς
1189 1183 1301 1224 θεοὺς
1331 1182 1521 1231 ἅπαντας)

194 1251 397 1301 ἀπώκι,ἠσ’
416 1250 477 1296 ἄν,
507 1251 547 1290 εὖ
574 1252 672 1299 ἴστε,
702 1250 764 1290 καὶ
789 1249 904 1291 αὐτὸς
928 1250 999 1299 τὴν
1025 1250 1182 1301 γραφὴν
1207 1250 1351 1299 ταύτην
1377 1251 1517 1290 ἀπενε-

194 1322 315 1369 γκεῖν,
339 1320 371 1358 εἰ
395 1318 448 1368 μὴ
476 1317 576 1357 πάνυ
595 1322 673 1357 τῶν
699 1318 877 1370 αἰσχρῶν
903 1317 1082 1366 ἐνόμιζον
1109 1316 1207 1356 εἶναι
1232 1320 1300 1356 νῦν
1325 1318 1395 1366 μὲν
1421 1316 1516 1366 ἡσυ-

194 1386 286 1438 χίαν
311 1385 421 1436 ἄγειν
442 1385 504 1424 καὶ
531 1386 747 1433 σιωπῆσαι,
770 1383 916 1435 πρᾶγμ’
937 1384 1172 1424 ἀλυσιτελὲς
1193 1383 1238 1438 τῇ
1259 1383 1374 1422 πόλει
1401 1399 1515 1422 κατα-

195 1451 454 1501 σκευάζοντας
475 1452 574 1502 ὁρῶν
593 1467 701 1491 τινας
720 1451 958 1501 ἀνθρώπους,
977 1450 1167 1501 πρότερον
1192 1449 1245 1494 δέ,
1267 1449 1322 1488 ὅτ’
1343 1449 1520 1489 ἔπλευσα

194 1522 439 1571 τριηραρχῶν
459 1519 514 1559 εἰς
532 1516 853 1567 (Ελλήσποντον,
875 1518 1000 1556 εἰπεῖν
1022 1516 1083 1555 καὶ
1102 1517 1373 1567 κατηγορῆσαί
1389 1532 1518 1562 τινων,

195 1586 259 1625 οὓς
286 1586 432 1625 διοικεῖν
457 1586 553 1634 ὑμᾶς
580 1584 768 1635 ἡγούμην.

259 1651 344 1690 Οὐκ
371 1652 504 1702 ἀγνοῶ
534 1653 606 1701 μὲν
637 1650 704 1690 οὖν
734 1651 794 1689 ὅτι
823 1649 892 1690 τὸν
925 1650 1154 1701 Χαρίδημον
1185 1649 1391 1701 εὐεργέτην
1422 1649 1523 1690 εἶναί

194 1735 298 1759 τινες
323 1721 391 1767 τῆς
417 1719 570 1759 πόλεως
591 1719 752 1757 οἴονται·
791 1717 870 1768 ἐγὼ
889 1715 946 1766 δέ,
967 1716 1016 1756 ἄν
1035 1733 1107 1767 περ
1127 1717 1151 1756 ἃ
1169 1717 1374 1767 βούλομαί
1395 1733 1437 1756 τε
1458 1717 1520 1756 καὶ

194 1784 278 1824 οῖδα
296 1784 537 1836 πεπραγμέν’
557 1785 690 1838 ἐκείνῳ
708 1785 859 1833 δυνηθῶ
877 1783 972 1834 πρὸς
988 1784 1085 1833 ὑμᾶς
1102 1784 1237 1828 εἰπεῖν,
1257 1782 1365 1833 οἶμαι
1380 1782 1521 1833 δείξειν

194 1851 238 1891 οὐ
261 1852 384 1901 μόνον
410 1850 476 1890 οὐκ
499 1850 719 1902 εὐεργέτην,
748 1851 854 1890 ἀλλὰ
880 1850 943 1888 καὶ
965 1849 1280 1889 κακονούστατον
1305 1849 1521 1901 ἀνθρώπων
1567 1865 1579 1872 ·

194 1917 379 1958 ἁπάντων
409 1918 470 1956 καὶ
497 1917 598 1956 πολὺ
624 1916 800 1956 τάναντί’
831 1913 853 1965 ἦ
880 1918 1080 1966 προσῆκεν
1113 1915 1418 1966 ὑπειλημμένον.
1489 1917 1522 1955 εἰ

192 1986 265 2034 μὲν
290 1984 369 2029 οὖν,
397 1982 426 2024 ῶ
452 1983 587 2034 ἄνδρες
613 1983 829 2032 Ἀθηναῖοι,
857 1986 971 2022 τοῦτο
996 1982 1187 2034 μέγιστον
1212 1981 1521 2034 Ἀριστοκράτης

193 2050 329 2100 ἠδίκει,
349 2050 393 2090 τὸ
409 2050 598 2095 τοιούτου,
618 2051 701 2089 οἷον
717 2050 793 2100 ἐγώ
812 2055 914 2100 φημι
930 2048 1072 2098 δείξειν
1088 2049 1156 2088 τὸν
1172 2050 1398 2099 Χαρίδημον
1413 2051 1520 2094 ὄντα,

194 2118 391 2167 τοσαύτην
418 2119 661 2166 πεποιῆσθαι
682 2117 870 2167 πρόνοιαν
898 2117 939 2155 ἐν
965 2119 1017 2169 τῷ
1038 2117 1272 2167 ψηφίσματι
1299 2115 1394 2155 ὥστ’
1422 2117 1523 2155 ἰδίαν

239 2237 259 2266 3
294 2228 427 2263 Βέβαιον
448 2226 488 2258 Α,
517 2226 556 2256 cf.
585 2226 665 2255 xxiv
690 2235 751 2264 37:
789 2225 928 2262 βεβαίαν
958 2225 982 2255 S
1011 2225 1099 2263 vulg.
1236 2226 1385 2265 φυλακὴν
1409 2230 1522 2265 Χερρο-

197 2271 296 2308 νήσου
323 2271 402 2301 secl.
436 2270 638 2307 Rosenberg
791 2280 810 2306 4
843 2270 905 2306 τὴν
933 2268 1030 2300 πόλιν
1059 2268 1192 2298 Dobree
1340 2277 1439 2298 10-11
1474 2269 1524 2299 τίς

196 2327 227 2344 τι
257 2316 307 2345 καὶ
338 2339 342 2343 .
377 2339 381 2343 .
412 2337 419 2343 .
451 2316 582 2350 ποιῆσαι
611 2312 696 2343 SA:
733 2325 783 2344 τις
812 2313 862 2343 καὶ
893 2336 898 2341 .
931 2336 937 2342 .
968 2336 974 2341 .
1005 2325 1036 2343 τι
1065 2314 1194 2348 ποιῆσαι
1223 2311 1312 2349 vulg.
1486 2320 1524 2348 15

198 2358 262 2396 ἐγὼ
285 2360 364 2396 γοῦν
391 2356 544 2387 Bekker:
579 2357 735 2397 εγωγόυν
761 2356 784 2386 S
809 2355 898 2393 vulg.
1091 2356 1128 2384 18
1161 2356 1298 2395 ἀγαγεῖν
1325 2353 1356 2384 Α
1384 2364 1468 2385 corr.
1500 2353 1525 2384 F

197 2410 237 2438 25
263 2402 424 2440 ἄνθρωπον
442 2400 465 2430 S

1543 867 1579 889 10

1544 1201 1578 1231 ¹5
