1737 2734
166 387 210 422 93

164 787 208 820 94

91 1421 206 1475 [486]

164 1487 205 1521 95

660 155 1148 194 ΔΗΜΟΣΘΕΝΟΎΣ
1492 150 1564 205 [xx

827 290 983 318 ΝΟΜΟΣ

310 369 460 410 Συνίεθ’
494 370 538 409 ὃν
571 370 730 421 τρόπον,
763 367 791 408 ὦ
829 369 964 420 ἄνδρες
997 368 1214 419 Ἀθηναῖοι,
1250 370 1269 408 ὁ
1305 369 1441 408 Σόλων
1477 369 1568 410 τοὺς

242 437 383 486 νόμους
408 436 459 477 ὡς
486 440 613 477 καλῶς
641 436 792 476 κελεύει
817 436 978 480 τιθέναι,
1006 439 1161 487 πρῶτον
1185 437 1257 486 μὲν
1282 435 1370 486 παρ’
1395 436 1496 485 ὑμῖν,
1525 437 1567 475 ἐν

242 507 322 544 τοῖς
356 503 619 552 ὀμωμοκόσιν,
652 502 742 554 παρ’
773 503 913 554 οἷσπερ
949 503 1009 542 καὶ
1043 501 1172 542 τᾶλλα
1207 505 1398 553 κυροῦται,
1431 502 1567 542 ἔπειτα

241 570 388 609 λύοντα
420 569 510 610 τοὺς
543 571 756 613 ἐναντίους,
784 569 833 608 ἵν’
867 569 921 609 εἷς
954 567 976 624 ᾗ
1008 570 1095 619 περὶ
1127 572 1205 608 τῶν
1237 570 1361 608 ὄντων
1396 568 1566 608 ἑκάστου

241 637 370 685 νόμος,
398 636 461 675 καὶ
485 635 537 685 μὴ
558 635 647 677 τοὺς
675 636 828 676 ἰδιώτας
854 635 946 675 αὐτὸ
965 638 1079 674 τοῦτο
1098 634 1269 689 ταράττῃ
1290 635 1352 674 καὶ
1372 635 1462 690 ποιῇ
1488 638 1566 674 τῶν

241 702 416 743 ἃπαντας
443 702 604 743 εἰδότων
628 703 717 744 τοὺς
747 703 889 751 νόμους
914 702 1081 741 ἔλαττον
1111 701 1231 754 ἔχειν,
1259 701 1364 740 ἀλλὰ
1395 703 1518 740 πᾶσιν
1542 699 1567 756 ᾗ

241 768 347 808 ταῦτ’
369 769 593 820 ἀναγνῶναι
621 770 682 809 καὶ
706 771 847 819 μαθεῖν
874 770 981 808 ἁπλᾶ
1009 769 1070 808 καὶ
1091 769 1203 819 σαφῆ
1229 769 1276 806 τὰ
1301 768 1441 807 δίκαια.
1505 768 1566 807 καὶ

241 835 314 885 πρὸ
340 836 487 874 τούτων
513 835 549 886 γ’
575 835 765 885 ἐπέταξεν
792 837 961 874 ἐκθεῖναι
987 835 1136 885 πρόσθε
1161 837 1238 873 τῶν
1264 834 1479 883 ἐπωνύμων
1506 835 1567 873 καὶ

240 906 291 956 τῷ
319 906 541 953 γραμματεῖ
565 905 816 954 παραδοῦναι,
838 905 975 942 τοῦτον
995 901 1027 941 δ’
1049 903 1091 940 ἐν
1116 905 1200 942 ταῖς
1222 901 1450 950 ἐκκλησίαις
1471 900 1564 940 ἁνα-

241 969 491 1020 γιγνώσκειν,
524 968 571 1008 ἵν’
605 970 772 1010 ἕκαστος
806 969 912 1018 ὑμῶν
942 967 1116 1009 ἀκούσας
1147 967 1340 1008 πολλάκις
1376 967 1437 1006 καὶ
1470 969 1565 1006 κατὰ

241 1035 397 1088 σχολὴν
417 1034 687 1087 σκεψάμενος,
711 1036 758 1075 ἂν
781 1033 804 1091 ᾗ
831 1035 892 1074 καὶ
917 1036 1048 1074 δίκαια
1068 1035 1130 1074 καὶ
1156 1033 1424 1086 συμφέροντα,
1446 1037 1567 1073 ταῦτα

240 1103 444 1158 νομοθετῇ.
517 1103 664 1142 τούτων
705 1103 835 1142 τοίνυν
877 1101 1079 1141 τοσούτων
1127 1102 1251 1140 ὄντων
1293 1097 1480 1152 [δικαίων]
1521 1099 1567 1140 τὸ

241 1170 403 1218 πλῆθος,
440 1169 576 1208 οὑτοσὶ
612 1171 684 1219 μὲν
721 1168 799 1209 οὐδ’
834 1169 964 1208 ὁτιοῦν
998 1169 1163 1218 ἐποίησε
1199 1164 1437 1218 [.Χεπτίιής]·
1480 1166 1568 1206 οὐδὲ

240 1238 315 1286 γὰρ
347 1235 395 1275 ἂν
427 1236 535 1286 ὑμεῖς
570 1235 654 1276 ποτ’
681 1237 903 1285 ἐπείσθητε,
936 1235 987 1276 ὡς
1021 1235 1098 1286 ἐγὼ
1131 1234 1287 1284 νομίζω,
1324 1233 1465 1273 θέσθαι
1498 1233 1567 1273 τὸν

240 1303 374 1352 νόμον·
412 1302 522 1352 ἡμεῖς
548 1302 593 1349 δ’,
624 1301 653 1342 ὦ
680 1303 815 1354 ἄνδρες
840 1301 1056 1352 Ἀθηναῖοι,
1087 1300 1224 1345 πάντα,
1256 1300 1317 1340 καὶ
1344 1299 1563 1351 παρεισφέ-

239 1386 358 1418 ρομεν
384 1373 522 1424 πολλῷ
551 1370 613 1409 καὶ
643 1370 802 1421 κρείττω
825 1369 886 1408 καὶ
912 1369 1152 1420 δικαιότερον
1176 1370 1243 1407 τοῦ
1269 1367 1407 1407 τούτου
1431 1367 1566 1417 νόμον.

241 1436 448 1486 γνώσεσθε
475 1436 507 1476 δ’
535 1437 757 1477 ἀκούοντες.
829 1438 933 1486 λαβὲ
961 1435 1023 1474 καὶ
1048 1435 1143 1486 λέγε
1169 1437 1324 1485 πρῶτον
1352 1435 1424 1484 μὲν
1450 1434 1473 1473 ’ὰ
1497 1436 1566 1472 τοῦ

239 1503 376 1542 τούτου
409 1503 529 1553 νόμου
562 1502 827 1555 γεγράμμεθα,
864 1501 934 1542 εἶθ’
966 1501 989 1541 ἃ
1026 1507 1157 1554 φαμεν
1191 1503 1271 1540 δεῖν
1305 1500 1389 1540 ἀντὶ
1420 1499 1567 1540 τούτων

239 1571 410 1619 τεθῆναι.
481 1569 588 1621 λέγε.

828 1676 984 1705 ΝΟΜΟΣ

305 1759 438 1796 Ταῦτα
473 1755 546 1807 μέν
582 1756 668 1797 ἐσθ’
703 1757 727 1796 ’ὰ
759 1759 827 1796 τοῦ
862 1756 1000 1796 τούτου
1036 1757 1158 1807 νόμου
1194 1756 1384 1806 διώκομεν
1418 1753 1468 1795 ὡς
1501 1753 1569 1793 οὐκ

239 1823 453 1873 ἐπιτήδεια.
515 1825 562 1862 τὰ
589 1823 621 1863 δ’
643 1822 733 1874 ἑξῆς
757 1823 865 1875 λέγε,
895 1823 918 1862 ἃ
943 1823 1092 1863 τούτων
1120 1821 1219 1863 εἶναι
1244 1822 1396 1872 βελτίω
1422 1820 1567 1873 φαμέν.

283 1944 301 1963 2
325 1932 392 1964 καθ’
411 1934 447 1964 ὃν
466 1933 499 1965 F.
521 1933 561 1964 cf.
584 1937 595 1970 ξ
619 1935 679 1963 126
827 1944 846 1972 3
872 1935 921 1964 καὶ
942 1939 1019 1964 ante
1038 1935 1076 1966 ὡς
1094 1933 1168 1963 add.
1193 1932 1236 1963 H.
1256 1931 1421 1962 Richards
1536 1932 1569 1960 ἐν

240 1988 304 2008 orn.
325 1977 389 2007 FO
409 1987 492 2007 corr.
662 1978 682 2007 8
706 1979 809 2009 ταύτὰ
828 1978 956 2008 Reiske
974 1988 980 2007 t
1004 1990 1107 2009 ταυτα
1125 1977 1147 2007 S
1165 1988 1171 2006 :
1195 1979 1299 2007 ταῦτα
1314 1975 1345 2005 Α
1358 1975 1408 2005 O:
1433 1973 1526 2005 ταῦτ’
1545 1973 1569 2003 F

240 2023 418 2061 ἀναγνῶναι
437 2021 546 2052 codd..
562 2021 603 2052 cf.
620 2023 634 2058 ξ
652 2031 711 2059 103
728 2035 732 2051 1
757 2025 877 2062 γνῶναι
900 2021 1045 2057 Dobree,
1062 2020 1188 2059 recepit
1204 2020 1301 2049 Blass
1317 2018 1391 2049 coll.
1407 2017 1568 2056 Hermog.

240 2074 414 2103 progymn.
447 2064 513 2095 Rh.
545 2064 602 2096 Gr.
638 2066 656 2096 i.
691 2075 743 2104 54,
776 2065 937 2095 Priscian.
970 2064 1036 2095 Rh.
1068 2064 1140 2094 Lat.
1173 2074 1206 2103 p.
1234 2064 1299 2101 560
1331 2063 1357 2100 (⁴
1373 2061 1503 2092 discere
1535 2065 1569 2090 et

238 2117 444 2145 cognoscere
457 2107 479 2147 ’)
620 2120 658 2139 10
681 2108 768 2149 ταῖς]
789 2109 864 2139 sort.
882 2109 987 2148 τρισὶν
1006 2108 1141 2138 Dobree
1278 2115 1315 2145 13
1339 2105 1466 2137 δικαίων
1485 2104 1567 2133 secl.

238 2152 347 2182 Cobet
365 2163 370 2181 ε
394 2155 459 2183 τῶν
477 2157 555 2182 ante
573 2154 701 2185 δικαίων
718 2153 793 2182 add.
817 2151 951 2182 Dobree
1121 2160 1158 2188 14
1184 2150 1343 2186 Λεπτίνης
1359 2147 1439 2178 secl.
1459 2147 1569 2178 Cobet

237 2198 272 2226 Οὐ
289 2197 351 2236 ’γὰρ
370 2195 398 2224 Α
412 2195 436 2225 F
559 2206 594 2235 17
620 2199 678 2228 τοῦ
694 2196 810 2227 τούτου
830 2195 854 2225 L
867 2195 897 2225 O
911 2195 960 2224 Y:
986 2195 1102 2226 τούτου
1118 2207 1175 2225 του
1194 2196 1266 2229 (του
1283 2193 1416 2232 punctis
1435 2195 1563 2221 notato*

239 2240 283 2268 S:
308 2239 425 2270 τούτου
441 2242 499 2271 τοῦ
517 2239 566 2270 Αἰ
590 2240 704 2271 τούτου
724 2240 802 2274 FX,
823 2239 864 2269 Cf.
884 2242 920 2275 ἐξ
939 2248 991 2277 95,
1011 2240 1053 2276 98
1211 2238 1249 2267 18
1274 2236 1443 2268 ἀκούοντες
1461 2234 1485 2264 S
1499 2234 1524 2264 L
1537 2233 1567 2263 Y

238 2282 267 2311 O
281 2282 314 2320 P,
331 2282 371 2313 cf.
390 2284 470 2312 xxiv
485 2293 544 2320 41:
569 2283 766 2315 ἀκούσαντες
780 2281 867 2321 AF¹,
886 2282 926 2312 cf.
944 2283 999 2311 xlv
1013 2283 1055 2319 48
1169 2283 1227 2311 τοῦ
1240 2284 1319 2310 ante
1333 2279 1447 2310 τούτου
1462 2278 1500 2307 G.
1520 2277 1566 2307 H.

239 2326 427 2357 Schaefer:
453 2332 528 2366 post
545 2327 662 2359 τούτου
679 2327 775 2357 codd.
913 2335 951 2355 21
980 2329 1126 2358 ΝΟΜΟΣ
1143 2324 1239 2355 codd.
1260 2335 1266 2352 τ
1292 2327 1417 2354 ΓΡΑΦΗ
1439 2320 1567 2351 Reiske

238 2380 279 2399 22
307 2373 364 2402 τοῦ
387 2370 504 2402 τούτου
530 2371 582 2401 A:
607 2370 725 2402 τούτου
749 2372 805 2401 τοῦ
831 2369 854 2400 S
870 2369 895 2398 L
921 2368 987 2399 al.:
1013 2368 1132 2400 τούτου
1158 2367 1182 2398 F
1337 2375 1378 2405 23
1404 2367 1474 2405 ἑξῆς
1500 2363 1567 2394 SA

239 2413 267 2443 Y
282 2414 334 2444 O:
361 2416 474 2454 ἐφεξῆς
494 2413 562 2444 FX

1587 580 1603 610 U!

1590 912 1628 935 10

1591 1576 1629 1597 20
