<?xml version="1.0" encoding="UTF-8"?>
<!DOCTYPE html PUBLIC "-//W3C//DTD XHTML 1.0 Transitional//EN"
    "http://www.w3.org/TR/xhtml1/DTD/xhtml1-transitional.dtd">
<html xmlns="http://www.w3.org/1999/xhtml" xml:lang="en" lang="en">
 <head>
  <title>
</title>
<meta http-equiv="Content-Type" content="text/html;charset=utf-8" />
  <meta name='ocr-system' content='tesseract 3.04.00' />
  <meta name='ocr-capabilities' content='ocr_page ocr_carea ocr_par ocr_line ocrx_word'/>
</head>
<body>
  <div class='ocr_page' id='page_1' title='image "./p1orationesrecog02demouoft_0089.png"; bbox 0 0 1737 2734; ppageno 0'>
   <div class='ocr_carea' id='block_1_1' title="bbox 124 535 138 566">
    <p class='ocr_par' dir='ltr' id='par_1_1' title="bbox 124 535 138 566">
     <span class='ocr_line' id='line_1_1' title="bbox 124 535 138 566; baseline 0 0"><span class='ocrx_word' id='word_1_1' title='bbox 124 535 138 566; x_wconf 82' lang='lat'>5</span> 
     </span>
    </p>
   </div>
   <div class='ocr_carea' id='block_1_2' title="bbox 103 867 139 889">
    <p class='ocr_par' dir='ltr' id='par_1_2' title="bbox 103 867 139 889">
     <span class='ocr_line' id='line_1_2' title="bbox 103 867 139 889; baseline 0.028 -1"><span class='ocrx_word' id='word_1_2' title='bbox 103 867 139 889; x_wconf 93' lang='lat'>10</span> 
     </span>
    </p>
   </div>
   <div class='ocr_carea' id='block_1_3' title="bbox 98 1198 135 1232">
    <p class='ocr_par' dir='ltr' id='par_1_3' title="bbox 98 1198 135 1232">
     <span class='ocr_line' id='line_1_3' title="bbox 98 1198 135 1232; baseline 0 0"><span class='ocrx_word' id='word_1_3' title='bbox 98 1198 135 1232; x_wconf 84' lang='grc' dir='ltr'>Ι5</span> 
     </span>
    </p>
   </div>
   <div class='ocr_carea' id='block_1_4' title="bbox 97 1533 135 1554">
    <p class='ocr_par' dir='ltr' id='par_1_4' title="bbox 97 1533 135 1554">
     <span class='ocr_line' id='line_1_4' title="bbox 97 1533 135 1554; baseline 0.026 -1"><span class='ocrx_word' id='word_1_4' title='bbox 97 1533 135 1554; x_wconf 88' lang='grc'>20</span> 
     </span>
    </p>
   </div>
   <div class='ocr_carea' id='block_1_5' title="bbox 93 2199 133 2230">
    <p class='ocr_par' dir='ltr' id='par_1_5' title="bbox 93 2199 133 2230">
     <span class='ocr_line' id='line_1_5' title="bbox 93 2199 133 2230; baseline 0 -9"><span class='ocrx_word' id='word_1_5' title='bbox 93 2199 133 2230; x_wconf 78' lang='grc'>30</span> 
     </span>
    </p>
   </div>
   <div class='ocr_carea' id='block_1_6' title="bbox 163 144 1069 197">
    <p class='ocr_par' dir='ltr' id='par_1_6' title="bbox 163 144 1069 197">
     <span class='ocr_line' id='line_1_6' title="bbox 163 144 1069 197; baseline -0.001 -12"><span class='ocrx_word' id='word_1_6' title='bbox 163 144 248 197; x_wconf 75' lang='lat' dir='ltr'>xxx]</span> <span class='ocrx_word' id='word_1_7' title='bbox 584 148 746 185; x_wconf 83' lang='grc' dir='ltr'>ΚΑΤΑ</span> <span class='ocrx_word' id='word_1_8' title='bbox 796 147 1069 185; x_wconf 80' lang='grc' dir='ltr'><strong>ΜΕΙΔΙΟΎ</strong></span> 
     </span>
    </p>
   </div>
   <div class='ocr_carea' id='block_1_7' title="bbox 152 249 1493 2338">
    <p class='ocr_par' dir='ltr' id='par_1_7' title="bbox 152 249 1493 2240">
     <span class='ocr_line' id='line_1_7' title="bbox 161 249 1492 306; baseline 0 -16"><span class='ocrx_word' id='word_1_9' title='bbox 161 250 353 301; x_wconf 82' lang='grc' dir='ltr'>εὐδαίμων</span> <span class='ocrx_word' id='word_1_10' title='bbox 372 249 455 306; x_wconf 86' lang='grc' dir='ltr'>ᾔδει</span> <span class='ocrx_word' id='word_1_11' title='bbox 474 251 649 302; x_wconf 82' lang='grc' dir='ltr'>γεγονὼς</span> <span class='ocrx_word' id='word_1_12' title='bbox 671 251 866 304; x_wconf 78' lang='grc' dir='ltr'>πολιτείᾳ,</span> <span class='ocrx_word' id='word_1_13' title='bbox 884 251 1004 306; x_wconf 84' lang='grc' dir='ltr'>ταύτῃ</span> <span class='ocrx_word' id='word_1_14' title='bbox 1027 253 1253 303; x_wconf 80' lang='grc' dir='ltr'>συγχωρεῖν</span> <span class='ocrx_word' id='word_1_15' title='bbox 1278 251 1326 289; x_wconf 82' lang='grc' dir='ltr'>τὰ</span> <span class='ocrx_word' id='word_1_16' title='bbox 1346 250 1492 290; x_wconf 83' lang='grc' dir='ltr'>τοιαῦτ’</span> 
     </span>
     <span class='ocr_line' id='line_1_8' title="bbox 159 316 1493 368; baseline 0.001 -11"><span class='ocrx_word' id='word_1_17' title='bbox 159 316 283 367; x_wconf 79' lang='grc' dir='ltr'>ἠξίου.</span> <span class='ocrx_word' id='word_1_18' title='bbox 354 316 476 357; x_wconf 87' lang='grc' dir='ltr'>πάλιν</span> <span class='ocrx_word' id='word_1_19' title='bbox 505 318 787 368; x_wconf 72' lang='grc' dir='ltr'>Φιλόττρατον</span> <span class='ocrx_word' id='word_1_20' title='bbox 820 317 964 358; x_wconf 83' lang='grc' dir='ltr'>πάντες</span> <span class='ocrx_word' id='word_1_21' title='bbox 997 318 1114 367; x_wconf 81' lang='grc' dir='ltr'>ἴσμεν</span> <span class='ocrx_word' id='word_1_22' title='bbox 1146 320 1216 357; x_wconf 88' lang='grc' dir='ltr'>τόν</span> <span class='ocrx_word' id='word_1_23' title='bbox 1253 319 1493 367; x_wconf 83' lang='grc' dir='ltr'>Κολωνῆθεν</span> 
     </span>
     <span class='ocr_line' id='line_1_9' title="bbox 160 382 1492 436; baseline 0.002 -13"><span class='ocrx_word' id='word_1_24' title='bbox 160 384 342 435; x_wconf 80' lang='grc' dir='ltr'>Χαβρίου</span> <span class='ocrx_word' id='word_1_25' title='bbox 368 387 673 435; x_wconf 84' lang='grc' dir='ltr'>κατηγοροῦντα,</span> <span class='ocrx_word' id='word_1_26' title='bbox 690 383 747 423; x_wconf 83' lang='grc' dir='ltr'>ὅτ’</span> <span class='ocrx_word' id='word_1_27' title='bbox 765 385 938 435; x_wconf 85' lang='grc' dir='ltr'>ἐκρίνετο</span> <span class='ocrx_word' id='word_1_28' title='bbox 958 383 1029 434; x_wconf 77' lang='grc' dir='ltr'>τὴν</span> <span class='ocrx_word' id='word_1_29' title='bbox 1049 383 1137 435; x_wconf 88' lang='grc' dir='ltr'>περὶ</span> <span class='ocrx_word' id='word_1_30' title='bbox 1154 382 1342 435; x_wconf 80' lang='grc' dir='ltr'>Ὠρωποῦ</span> <span class='ocrx_word' id='word_1_31' title='bbox 1361 385 1492 436; x_wconf 83' lang='grc' dir='ltr'>κρίσιν</span> 
     </span>
     <span class='ocr_line' id='line_1_10' title="bbox 159 449 1489 502; baseline 0.001 -12"><span class='ocrx_word' id='word_1_32' title='bbox 159 449 341 496; x_wconf 88' lang='grc' dir='ltr'>θανάτου,</span> <span class='ocrx_word' id='word_1_33' title='bbox 371 450 433 490; x_wconf 89' lang='grc' dir='ltr'>καὶ</span> <span class='ocrx_word' id='word_1_34' title='bbox 459 449 618 490; x_wconf 87' lang='grc' dir='ltr'>πάντων</span> <span class='ocrx_word' id='word_1_35' title='bbox 642 454 720 490; x_wconf 88' lang='grc' dir='ltr'>τῶν</span> <span class='ocrx_word' id='word_1_36' title='bbox 747 451 975 502; x_wconf 91' lang='grc' dir='ltr'>κατηγόρων</span> <span class='ocrx_word' id='word_1_37' title='bbox 1002 451 1237 502; x_wconf 88' lang='grc' dir='ltr'>πικρότατον</span> <span class='ocrx_word' id='word_1_38' title='bbox 1261 451 1489 502; x_wconf 89' lang='grc' dir='ltr'>γενόμενον,</span> 
     </span>
     <span class='ocr_line' id='line_1_11' title="bbox 160 517 1492 570; baseline 0.002 -14"><span class='ocrx_word' id='word_1_39' title='bbox 160 517 224 557; x_wconf 87' lang='grc' dir='ltr'>καὶ</span> <span class='ocrx_word' id='word_1_40' title='bbox 242 518 340 567; x_wconf 82' lang='grc' dir='ltr'>μετὰ</span> <span class='ocrx_word' id='word_1_41' title='bbox 357 521 480 556; x_wconf 90' lang='grc' dir='ltr'>ταῦτα</span> <span class='ocrx_word' id='word_1_42' title='bbox 498 520 748 570; x_wconf 81' lang='grc' dir='ltr'>χορηγοῦντα</span> <span class='ocrx_word' id='word_1_43' title='bbox 768 517 906 558; x_wconf 84' lang='grc' dir='ltr'>παισὶν</span> <span class='ocrx_word' id='word_1_44' title='bbox 930 517 1126 557; x_wconf 89' lang='grc' dir='ltr'>Διονύσια</span> <span class='ocrx_word' id='word_1_45' title='bbox 1147 517 1209 557; x_wconf 86' lang='grc' dir='ltr'>καὶ</span> <span class='ocrx_word' id='word_1_46' title='bbox 1227 521 1407 563; x_wconf 81' lang='grc' dir='ltr'>νικῶντα,</span> <span class='ocrx_word' id='word_1_47' title='bbox 1427 519 1492 558; x_wconf 88' lang='grc' dir='ltr'>καὶ</span> 
     </span>
     <span class='ocr_line' id='line_1_12' title="bbox 159 583 1492 637; baseline 0.001 -14"><span class='ocrx_word' id='word_1_48' title='bbox 159 584 345 635; x_wconf 81' lang='grc' dir='ltr'>Χαβρίαν</span> <span class='ocrx_word' id='word_1_49' title='bbox 381 584 470 623; x_wconf 77' lang='grc' dir='ltr'>οὔτε</span> <span class='ocrx_word' id='word_1_50' title='bbox 506 584 702 624; x_wconf 86' lang='grc' dir='ltr'>τύπτοντα</span> <span class='ocrx_word' id='word_1_51' title='bbox 744 583 824 624; x_wconf 82' lang='grc' dir='ltr'>οὔτ’</span> <span class='ocrx_word' id='word_1_52' title='bbox 856 583 1143 635; x_wconf 76' lang='grc' dir='ltr'>ἀφαρπάζοντα</span> <span class='ocrx_word' id='word_1_53' title='bbox 1178 583 1248 624; x_wconf 85' lang='grc' dir='ltr'>τὸν</span> <span class='ocrx_word' id='word_1_54' title='bbox 1287 583 1492 637; x_wconf 84' lang='grc' dir='ltr'>στέφανον</span> 
     </span>
     <span class='ocr_line' id='line_1_13' title="bbox 159 649 1491 705; baseline 0.002 -15"><span class='ocrx_word' id='word_1_55' title='bbox 159 649 240 690; x_wconf 83' lang='grc' dir='ltr'>οὔθ’</span> <span class='ocrx_word' id='word_1_56' title='bbox 259 651 363 692; x_wconf 85' lang='grc' dir='ltr'>ὅλως</span> <span class='ocrx_word' id='word_1_57' title='bbox 388 650 596 701; x_wconf 83' lang='grc' dir='ltr'>προσιόνθ’</span> <span class='ocrx_word' id='word_1_58' title='bbox 615 652 706 691; x_wconf 87' lang='grc' dir='ltr'>ὅποι</span> <span class='ocrx_word' id='word_1_59' title='bbox 729 650 782 701; x_wconf 78' lang='grc' dir='ltr'>μὴ</span> <span class='ocrx_word' id='word_1_60' title='bbox 809 653 1008 703; x_wconf 84' lang='grc' dir='ltr'>προσῆκεν</span> <span class='ocrx_word' id='word_1_61' title='bbox 1029 651 1144 705; x_wconf 76' lang='grc' dir='ltr'>αὐτῷ.</span> <span class='ocrx_word' id='word_1_62' title='bbox 1189 650 1365 692; x_wconf 82' lang='grc' dir='ltr'>πολλοὺς</span> <span class='ocrx_word' id='word_1_63' title='bbox 1390 650 1422 690; x_wconf 82' lang='grc' dir='ltr'>δ’</span> <span class='ocrx_word' id='word_1_64' title='bbox 1443 651 1491 692; x_wconf 82' lang='grc' dir='ltr'>ἂν</span> 
     </span>
     <span class='ocr_line' id='line_1_14' title="bbox 159 717 1486 770; baseline 0.002 -14"><span class='ocrx_word' id='word_1_65' title='bbox 159 717 263 769; x_wconf 81' lang='grc' dir='ltr'>ἔχων</span> <span class='ocrx_word' id='word_1_66' title='bbox 289 718 413 757; x_wconf 81' lang='grc' dir='ltr'>εἰπεῖν</span> <span class='ocrx_word' id='word_1_67' title='bbox 438 717 494 757; x_wconf 85' lang='grc' dir='ltr'>ἔτι</span> <span class='ocrx_word' id='word_1_68' title='bbox 521 718 584 758; x_wconf 90' lang='grc' dir='ltr'>καὶ</span> <span class='ocrx_word' id='word_1_69' title='bbox 614 719 678 757; x_wconf 79' lang='grc' dir='ltr'>διὰ</span> <span class='ocrx_word' id='word_1_70' title='bbox 702 719 859 759; x_wconf 80' lang='grc' dir='ltr'>πολλὰς</span> <span class='ocrx_word' id='word_1_71' title='bbox 883 717 1108 769; x_wconf 82' lang='grc' dir='ltr'>προφάσεις</span> <span class='ocrx_word' id='word_1_72' title='bbox 1134 717 1299 770; x_wconf 83' lang='grc' dir='ltr'>ἐχθροὺς</span> <span class='ocrx_word' id='word_1_73' title='bbox 1324 735 1486 770; x_wconf 89' lang='grc' dir='ltr'>γεγενη-</span> 
     </span>
     <span class='ocr_line' id='line_1_15' title="bbox 157 782 1491 836; baseline 0.002 -13"><span class='ocrx_word' id='word_1_74' title='bbox 157 782 297 833; x_wconf 84' lang='grc' dir='ltr'>μένους</span> <span class='ocrx_word' id='word_1_75' title='bbox 313 783 519 833; x_wconf 85' lang='grc' dir='ltr'>ἀλλήλοις,</span> <span class='ocrx_word' id='word_1_76' title='bbox 539 783 679 825; x_wconf 84' lang='grc' dir='ltr'>οὐδένα</span> <span class='ocrx_word' id='word_1_77' title='bbox 695 783 844 824; x_wconf 84' lang='grc' dir='ltr'>πώποτ’</span> <span class='ocrx_word' id='word_1_78' title='bbox 861 783 942 824; x_wconf 82' lang='grc' dir='ltr'>οὔτ’</span> <span class='ocrx_word' id='word_1_79' title='bbox 959 783 1107 834; x_wconf 84' lang='grc' dir='ltr'>ἀκήκοα</span> <span class='ocrx_word' id='word_1_80' title='bbox 1123 784 1205 824; x_wconf 80' lang='grc' dir='ltr'>οὔθ’</span> <span class='ocrx_word' id='word_1_81' title='bbox 1221 785 1365 836; x_wconf 80' lang='grc' dir='ltr'>ἑόρακα</span> <span class='ocrx_word' id='word_1_82' title='bbox 1380 786 1491 826; x_wconf 83' lang='grc' dir='ltr'>ὅστις</span> 
     </span>
     <span class='ocr_line' id='line_1_16' title="bbox 159 850 1491 902; baseline 0.001 -12"><span class='ocrx_word' id='word_1_83' title='bbox 159 851 215 891; x_wconf 82' lang='grc' dir='ltr'>εἷς</span> <span class='ocrx_word' id='word_1_84' title='bbox 234 854 426 890; x_wconf 82' lang='grc' dir='ltr'>τοσοῦτον</span> <span class='ocrx_word' id='word_1_85' title='bbox 447 850 642 901; x_wconf 84' lang='grc' dir='ltr'>ἐλήλυθεν</span> <span class='ocrx_word' id='word_1_86' title='bbox 661 852 815 902; x_wconf 84' lang='grc' dir='ltr'>ὕβρεως</span> <span class='ocrx_word' id='word_1_87' title='bbox 835 852 939 891; x_wconf 80' lang='grc' dir='ltr'>ὥστε</span> <span class='ocrx_word' id='word_1_88' title='bbox 960 851 1138 890; x_wconf 87' lang='grc' dir='ltr'>τοιοῦτόν</span> <span class='ocrx_word' id='word_1_89' title='bbox 1155 867 1192 891; x_wconf 91' lang='grc' dir='ltr'>τι</span> <span class='ocrx_word' id='word_1_90' title='bbox 1217 855 1357 892; x_wconf 80' lang='grc' dir='ltr'>ποιεῖν.</span> <span class='ocrx_word' id='word_1_91' title='bbox 1401 851 1491 892; x_wconf 77' lang='grc' dir='ltr'>οὐδέ</span> 
     </span>
     <span class='ocr_line' id='line_1_17' title="bbox 158 915 1490 969; baseline 0.002 -13"><span class='ocrx_word' id='word_1_92' title='bbox 158 915 194 969; x_wconf 82' lang='grc' dir='ltr'>γ’</span> <span class='ocrx_word' id='word_1_93' title='bbox 221 917 336 957; x_wconf 88' lang='grc' dir='ltr'>ἐκεῖν’</span> <span class='ocrx_word' id='word_1_94' title='bbox 361 918 488 959; x_wconf 82' lang='grc' dir='ltr'>οὐδεὶς</span> <span class='ocrx_word' id='word_1_95' title='bbox 513 919 621 968; x_wconf 82' lang='grc' dir='ltr'>ὑμῶν</span> <span class='ocrx_word' id='word_1_96' title='bbox 646 917 718 957; x_wconf 80' lang='grc' dir='ltr'>οἶδ’</span> <span class='ocrx_word' id='word_1_97' title='bbox 744 919 805 958; x_wconf 84' lang='grc' dir='ltr'>ὅτι</span> <span class='ocrx_word' id='word_1_98' title='bbox 829 918 1065 968; x_wconf 85' lang='grc' dir='ltr'>μνημονεύει</span> <span class='ocrx_word' id='word_1_99' title='bbox 1089 918 1295 969; x_wconf 90' lang='grc' dir='ltr'>πρότερον,</span> <span class='ocrx_word' id='word_1_100' title='bbox 1322 922 1400 958; x_wconf 89' lang='grc' dir='ltr'>τῶν</span> <span class='ocrx_word' id='word_1_101' title='bbox 1426 918 1490 958; x_wconf 88' lang='grc' dir='ltr'>ἐπὶ</span> 
     </span>
     <span class='ocr_line' id='line_1_18' title="bbox 157 981 1489 1037; baseline 0.002 -14"><span class='ocrx_word' id='word_1_102' title='bbox 157 987 240 1025; x_wconf 80' lang='grc' dir='ltr'>τοῖς</span> <span class='ocrx_word' id='word_1_103' title='bbox 265 984 377 1025; x_wconf 81' lang='grc' dir='ltr'>ἰδίοις</span> <span class='ocrx_word' id='word_1_104' title='bbox 406 981 429 1033; x_wconf 80' lang='grc' dir='ltr'>ἦ</span> <span class='ocrx_word' id='word_1_105' title='bbox 460 984 524 1024; x_wconf 85' lang='grc' dir='ltr'>καὶ</span> <span class='ocrx_word' id='word_1_106' title='bbox 553 987 636 1026; x_wconf 85' lang='grc' dir='ltr'>τοῖς</span> <span class='ocrx_word' id='word_1_107' title='bbox 667 988 811 1026; x_wconf 85' lang='grc' dir='ltr'>κοινοῖς</span> <span class='ocrx_word' id='word_1_108' title='bbox 841 985 995 1037; x_wconf 84' lang='grc' dir='ltr'>ἐχθρῶν</span> <span class='ocrx_word' id='word_1_109' title='bbox 1025 983 1220 1034; x_wconf 84' lang='grc' dir='ltr'>ἀλλήλοις</span> <span class='ocrx_word' id='word_1_110' title='bbox 1249 983 1375 1025; x_wconf 81' lang='grc' dir='ltr'>οὐδέν’</span> <span class='ocrx_word' id='word_1_111' title='bbox 1401 985 1489 1025; x_wconf 83' lang='grc' dir='ltr'>οὔτε</span> 
     </span>
     <span class='ocr_line' id='line_1_19' title="bbox 159 1050 1490 1103; baseline 0.002 -13"><span class='ocrx_word' id='word_1_112' title='bbox 159 1050 410 1101; x_wconf 86' lang='grc' dir='ltr'>καλουμένων</span> <span class='ocrx_word' id='word_1_113' title='bbox 443 1055 522 1091; x_wconf 89' lang='grc' dir='ltr'>τῶν</span> <span class='ocrx_word' id='word_1_114' title='bbox 556 1055 696 1103; x_wconf 85' lang='grc' dir='ltr'>κριτῶν</span> <span class='ocrx_word' id='word_1_115' title='bbox 729 1052 1018 1102; x_wconf 83' lang='grc' dir='ltr'>παρεστηκότα,</span> <span class='ocrx_word' id='word_1_116' title='bbox 1046 1050 1128 1091; x_wconf 82' lang='grc' dir='ltr'>οὔθ’</span> <span class='ocrx_word' id='word_1_117' title='bbox 1161 1052 1257 1091; x_wconf 89' lang='grc' dir='ltr'>ὅταν</span> <span class='ocrx_word' id='word_1_118' title='bbox 1290 1052 1490 1102; x_wconf 83' lang='grc' dir='ltr'>ὀμνύωσιν</span> 
     </span>
     <span class='ocr_line' id='line_1_20' title="bbox 159 1116 1490 1171; baseline 0.002 -15"><span class='ocrx_word' id='word_1_119' title='bbox 159 1116 407 1169; x_wconf 78' lang='grc' dir='ltr'>ἐξορκοῦντα,</span> <span class='ocrx_word' id='word_1_120' title='bbox 452 1117 532 1157; x_wconf 80' lang='grc' dir='ltr'>οὔθ’</span> <span class='ocrx_word' id='word_1_121' title='bbox 580 1119 685 1160; x_wconf 84' lang='grc' dir='ltr'>ὅλως</span> <span class='ocrx_word' id='word_1_122' title='bbox 727 1118 788 1159; x_wconf 87' lang='grc' dir='ltr'>ἐπ’</span> <span class='ocrx_word' id='word_1_123' title='bbox 832 1118 960 1158; x_wconf 81' lang='grc' dir='ltr'>οὐδενὶ</span> <span class='ocrx_word' id='word_1_124' title='bbox 999 1121 1077 1158; x_wconf 89' lang='grc' dir='ltr'>τῶν</span> <span class='ocrx_word' id='word_1_125' title='bbox 1115 1118 1305 1158; x_wconf 88' lang='grc' dir='ltr'>τοιούτων</span> <span class='ocrx_word' id='word_1_126' title='bbox 1345 1119 1490 1171; x_wconf 82' lang='grc' dir='ltr'>ἐχθρὸν</span> 
     </span>
     <span class='ocr_line' id='line_1_21' title="bbox 157 1182 1489 1237; baseline 0.003 -14"><span class='ocrx_word' id='word_1_127' title='bbox 157 1182 450 1234; x_wconf 80' lang='grc' dir='ltr'>ἐξεταζόμενον.</span> <span class='ocrx_word' id='word_1_128' title='bbox 521 1188 643 1225; x_wconf 88' lang='grc' dir='ltr'>ταῦτα</span> <span class='ocrx_word' id='word_1_129' title='bbox 673 1186 747 1237; x_wconf 78' lang='grc' dir='ltr'>γὰρ</span> <span class='ocrx_word' id='word_1_130' title='bbox 776 1184 905 1226; x_wconf 89' lang='grc' dir='ltr'>πάντα</span> <span class='ocrx_word' id='word_1_131' title='bbox 935 1185 998 1225; x_wconf 81' lang='grc' dir='ltr'>καὶ</span> <span class='ocrx_word' id='word_1_132' title='bbox 1028 1186 1076 1224; x_wconf 80' lang='grc' dir='ltr'>τὰ</span> <span class='ocrx_word' id='word_1_133' title='bbox 1106 1185 1263 1230; x_wconf 87' lang='grc' dir='ltr'>τοιαῦτ’,</span> <span class='ocrx_word' id='word_1_134' title='bbox 1292 1182 1321 1224; x_wconf 75' lang='grc' dir='ltr'>ὦ</span> <span class='ocrx_word' id='word_1_135' title='bbox 1351 1185 1489 1237; x_wconf 80' lang='grc' dir='ltr'>ἄνδρες</span> 
     </span>
     <span class='ocr_line' id='line_1_22' title="bbox 157 1249 1489 1305; baseline 0.002 -15"><span class='ocrx_word' id='word_1_136' title='bbox 157 1249 373 1300; x_wconf 85' lang='grc' dir='ltr'>Ἀθηναῖοι,</span> <span class='ocrx_word' id='word_1_137' title='bbox 409 1252 613 1305; x_wconf 81' lang='grc' dir='ltr'>φιλονικίᾳ</span> <span class='ocrx_word' id='word_1_138' title='bbox 650 1254 722 1303; x_wconf 83' lang='grc' dir='ltr'>μὲν</span> <span class='ocrx_word' id='word_1_139' title='bbox 754 1251 985 1305; x_wconf 82' lang='grc' dir='ltr'>ὑπαχθέντα</span> <span class='ocrx_word' id='word_1_140' title='bbox 1020 1251 1197 1304; x_wconf 84' lang='grc' dir='ltr'>χορηγὸν</span> <span class='ocrx_word' id='word_1_141' title='bbox 1229 1253 1326 1292; x_wconf 84' lang='grc' dir='ltr'>ὄντα</span> <span class='ocrx_word' id='word_1_142' title='bbox 1362 1256 1489 1293; x_wconf 83' lang='grc' dir='ltr'>ποιεῖν</span> 
     </span>
     <span class='ocr_line' id='line_1_23' title="bbox 156 1316 1484 1372; baseline 0.001 -15"><span class='ocrx_word' id='word_1_143' title='bbox 156 1316 242 1370; x_wconf 83' lang='grc' dir='ltr'>ἔχει</span> <span class='ocrx_word' id='word_1_144' title='bbox 273 1319 360 1358; x_wconf 78' lang='grc' dir='ltr'>τινὰ</span> <span class='ocrx_word' id='word_1_145' title='bbox 391 1318 644 1370; x_wconf 83' lang='grc' dir='ltr'>συγγνώμην·</span> <span class='ocrx_word' id='word_1_146' title='bbox 683 1318 807 1372; x_wconf 77' lang='grc' dir='ltr'>ἔχθρᾳ</span> <span class='ocrx_word' id='word_1_147' title='bbox 839 1318 871 1358; x_wconf 84' lang='grc' dir='ltr'>δ’</span> <span class='ocrx_word' id='word_1_148' title='bbox 896 1318 1116 1359; x_wconf 84' lang='grc' dir='ltr'>ἐλαύνοντά</span> <span class='ocrx_word' id='word_1_149' title='bbox 1145 1335 1245 1365; x_wconf 84' lang='grc' dir='ltr'>τινα,</span> <span class='ocrx_word' id='word_1_150' title='bbox 1274 1320 1316 1358; x_wconf 86' lang='grc' dir='ltr'>ἐκ</span> <span class='ocrx_word' id='word_1_151' title='bbox 1350 1336 1484 1370; x_wconf 89' lang='grc' dir='ltr'>προαι-</span> 
     </span>
     <span class='ocr_line' id='line_1_24' title="bbox 155 1384 1487 1437; baseline 0.002 -14"><span class='ocrx_word' id='word_1_152' title='bbox 155 1384 315 1435; x_wconf 85' lang='grc' dir='ltr'>ρέσεως,</span> <span class='ocrx_word' id='word_1_153' title='bbox 334 1385 401 1437; x_wconf 83' lang='grc' dir='ltr'>ἐφ’</span> <span class='ocrx_word' id='word_1_154' title='bbox 421 1384 561 1431; x_wconf 84' lang='grc' dir='ltr'>ἅπασι,</span> <span class='ocrx_word' id='word_1_155' title='bbox 585 1385 647 1425; x_wconf 86' lang='grc' dir='ltr'>καὶ</span> <span class='ocrx_word' id='word_1_156' title='bbox 666 1385 737 1436; x_wconf 78' lang='grc' dir='ltr'>τὴν</span> <span class='ocrx_word' id='word_1_157' title='bbox 764 1387 863 1426; x_wconf 82' lang='grc' dir='ltr'>ἰδίαν</span> <span class='ocrx_word' id='word_1_158' title='bbox 889 1386 1052 1435; x_wconf 89' lang='grc' dir='ltr'>δύναμιν</span> <span class='ocrx_word' id='word_1_159' title='bbox 1079 1386 1239 1437; x_wconf 86' lang='grc' dir='ltr'>κρείττω</span> <span class='ocrx_word' id='word_1_160' title='bbox 1259 1390 1338 1426; x_wconf 91' lang='grc' dir='ltr'>τῶν</span> <span class='ocrx_word' id='word_1_161' title='bbox 1356 1386 1487 1437; x_wconf 89' lang='grc' dir='ltr'>νόμων</span> 
     </span>
     <span class='ocr_line' id='line_1_25' title="bbox 155 1451 1487 1506; baseline 0.002 -15"><span class='ocrx_word' id='word_1_162' title='bbox 155 1451 280 1492; x_wconf 69' lang='grc' dir='ltr'>οὖσαν</span> <span class='ocrx_word' id='word_1_163' title='bbox 311 1453 620 1503; x_wconf 83' lang='grc' dir='ltr'>ἐνδεικνύμενον,</span> <span class='ocrx_word' id='word_1_164' title='bbox 647 1451 875 1504; x_wconf 68' lang='grc' dir='ltr'>&lt;Ηράκλεις,</span> <span class='ocrx_word' id='word_1_165' title='bbox 902 1452 1007 1504; x_wconf 83' lang='grc' dir='ltr'>βαρὺ</span> <span class='ocrx_word' id='word_1_166' title='bbox 1045 1452 1156 1506; x_wconf 84' lang='grc' dir='ltr'>κούχὶ</span> <span class='ocrx_word' id='word_1_167' title='bbox 1192 1454 1342 1493; x_wconf 89' lang='grc' dir='ltr'>δίκαιόν</span> <span class='ocrx_word' id='word_1_168' title='bbox 1377 1454 1487 1493; x_wconf 88' lang='grc' dir='ltr'>ἐστιν</span> 
     </span>
     <span class='ocr_line' id='line_1_26' title="bbox 155 1517 1486 1574; baseline 0.002 -17"><span class='ocrx_word' id='word_1_169' title='bbox 155 1517 242 1558; x_wconf 82' lang='grc' dir='ltr'>οὐδὲ</span> <span class='ocrx_word' id='word_1_170' title='bbox 263 1518 471 1570; x_wconf 85' lang='grc' dir='ltr'>συμφέρον</span> <span class='ocrx_word' id='word_1_171' title='bbox 490 1520 593 1569; x_wconf 83' lang='grc' dir='ltr'>ὑμῖν.</span> <span class='ocrx_word' id='word_1_172' title='bbox 638 1520 672 1559; x_wconf 83' lang='grc' dir='ltr'>εἰ</span> <span class='ocrx_word' id='word_1_173' title='bbox 697 1521 771 1571; x_wconf 77' lang='grc' dir='ltr'>γὰρ</span> <span class='ocrx_word' id='word_1_174' title='bbox 797 1518 950 1574; x_wconf 80' lang='grc' dir='ltr'>ἑκάστῳ</span> <span class='ocrx_word' id='word_1_175' title='bbox 971 1523 1049 1560; x_wconf 85' lang='grc' dir='ltr'>τῶν</span> <span class='ocrx_word' id='word_1_176' title='bbox 1073 1519 1352 1573; x_wconf 88' lang='grc' dir='ltr'>χορηγούντων</span> <span class='ocrx_word' id='word_1_177' title='bbox 1371 1523 1486 1559; x_wconf 87' lang='grc' dir='ltr'>τοῦτο</span> 
     </span>
     <span class='ocr_line' id='line_1_27' title="bbox 155 1584 1487 1642; baseline 0.003 -18"><span class='ocrx_word' id='word_1_178' title='bbox 155 1585 353 1636; x_wconf 88' lang='grc' dir='ltr'>πρόδηλον</span> <span class='ocrx_word' id='word_1_179' title='bbox 373 1585 542 1638; x_wconf 86' lang='grc' dir='ltr'>γένοιτο,</span> <span class='ocrx_word' id='word_1_180' title='bbox 564 1587 624 1626; x_wconf 84' lang='grc' dir='ltr'>ὅτι</span> <span class='ocrx_word' id='word_1_181' title='bbox 650 1585 699 1626; x_wconf 80' lang='grc' dir='ltr'>ἂν</span> <span class='ocrx_word' id='word_1_182' title='bbox 724 1587 744 1625; x_wconf 90' lang='grc' dir='ltr'>ὁ</span> <span class='ocrx_word' id='word_1_183' title='bbox 769 1586 863 1626; x_wconf 82' lang='grc' dir='ltr'>δεῖν’</span> <span class='ocrx_word' id='word_1_184' title='bbox 880 1586 1022 1639; x_wconf 83' lang='grc' dir='ltr'>ἐχθρὸς</span> <span class='ocrx_word' id='word_1_185' title='bbox 1039 1584 1064 1642; x_wconf 82' lang='grc' dir='ltr'><em>ᾗ</em></span> <span class='ocrx_word' id='word_1_186' title='bbox 1087 1603 1168 1637; x_wconf 90' lang='grc' dir='ltr'>μοι,</span> <span class='ocrx_word' id='word_1_187' title='bbox 1188 1587 1355 1628; x_wconf 86' lang='grc' dir='ltr'>Μειδίας</span> <span class='ocrx_word' id='word_1_188' title='bbox 1380 1586 1404 1636; x_wconf 82' lang='grc' dir='ltr'>ἤ</span> <span class='ocrx_word' id='word_1_189' title='bbox 1429 1603 1487 1628; x_wconf 82' lang='grc' dir='ltr'>τις</span> 
     </span>
     <span class='ocr_line' id='line_1_28' title="bbox 155 1651 1487 1705; baseline 0.002 -15"><span class='ocrx_word' id='word_1_190' title='bbox 155 1651 279 1693; x_wconf 87' lang='grc' dir='ltr'>ἄλλος</span> <span class='ocrx_word' id='word_1_191' title='bbox 300 1652 447 1704; x_wconf 81' lang='grc' dir='ltr'>θρασὺς</span> <span class='ocrx_word' id='word_1_192' title='bbox 466 1654 566 1693; x_wconf 81' lang='grc' dir='ltr'>οὕτω</span> <span class='ocrx_word' id='word_1_193' title='bbox 588 1652 650 1692; x_wconf 85' lang='grc' dir='ltr'>καὶ</span> <span class='ocrx_word' id='word_1_194' title='bbox 672 1653 877 1699; x_wconf 89' lang='grc' dir='ltr'>πλούσιος,</span> <span class='ocrx_word' id='word_1_195' title='bbox 899 1657 1054 1704; x_wconf 87' lang='grc' dir='ltr'>πρῶτον</span> <span class='ocrx_word' id='word_1_196' title='bbox 1072 1655 1145 1704; x_wconf 85' lang='grc' dir='ltr'>μὲν</span> <span class='ocrx_word' id='word_1_197' title='bbox 1164 1652 1487 1705; x_wconf 86' lang='grc' dir='ltr'>ἀφαιρεθήσομαι</span> 
     </span>
     <span class='ocr_line' id='line_1_29' title="bbox 154 1717 1487 1771; baseline 0.002 -13"><span class='ocrx_word' id='word_1_198' title='bbox 154 1717 226 1768; x_wconf 79' lang='grc' dir='ltr'>τὴν</span> <span class='ocrx_word' id='word_1_199' title='bbox 251 1719 374 1769; x_wconf 87' lang='grc' dir='ltr'>νίκην,</span> <span class='ocrx_word' id='word_1_200' title='bbox 402 1719 473 1759; x_wconf 80' lang='grc' dir='ltr'>κᾶν</span> <span class='ocrx_word' id='word_1_201' title='bbox 499 1719 661 1770; x_wconf 77' lang='grc' dir='ltr'>ἄμεινον</span> <span class='ocrx_word' id='word_1_202' title='bbox 687 1721 949 1771; x_wconf 85' lang='grc' dir='ltr'>ἀγωνίσωμαί</span> <span class='ocrx_word' id='word_1_203' title='bbox 971 1737 1089 1766; x_wconf 90' lang='grc' dir='ltr'>τινος,</span> <span class='ocrx_word' id='word_1_204' title='bbox 1111 1719 1232 1761; x_wconf 79' lang='grc' dir='ltr'>ἔπειτ’</span> <span class='ocrx_word' id='word_1_205' title='bbox 1251 1719 1316 1771; x_wconf 81' lang='grc' dir='ltr'>ἐφ’</span> <span class='ocrx_word' id='word_1_206' title='bbox 1337 1719 1487 1761; x_wconf 81' lang='grc' dir='ltr'>ἅπασιν</span> 
     </span>
     <span class='ocr_line' id='line_1_30' title="bbox 155 1784 1486 1839; baseline 0.003 -15"><span class='ocrx_word' id='word_1_207' title='bbox 155 1784 483 1836; x_wconf 89' lang='grc' dir='ltr'>ἐλαττωθήσομαι</span> <span class='ocrx_word' id='word_1_208' title='bbox 520 1787 583 1826; x_wconf 83' lang='grc' dir='ltr'>καὶ</span> <span class='ocrx_word' id='word_1_209' title='bbox 619 1787 1009 1839; x_wconf 82' lang='grc' dir='ltr'>προπηλακιζόμενος</span> <span class='ocrx_word' id='word_1_210' title='bbox 1052 1789 1232 1832; x_wconf 83' lang='grc' dir='ltr'>διατελῶ,</span> <span class='ocrx_word' id='word_1_211' title='bbox 1270 1789 1329 1828; x_wconf 87' lang='grc' dir='ltr'>τίς</span> <span class='ocrx_word' id='word_1_212' title='bbox 1365 1789 1486 1828; x_wconf 80' lang='grc' dir='ltr'>οὕτως</span> 
     </span>
     <span class='ocr_line' id='line_1_31' title="bbox 154 1849 1485 1904; baseline 0.002 -13"><span class='ocrx_word' id='word_1_213' title='bbox 154 1852 370 1904; x_wconf 81' lang='grc' dir='ltr'>ἀλόγιστος</span> <span class='ocrx_word' id='word_1_214' title='bbox 407 1849 429 1902; x_wconf 77' lang='grc' dir='ltr'>ἦ</span> <span class='ocrx_word' id='word_1_215' title='bbox 466 1853 524 1894; x_wconf 91' lang='grc' dir='ltr'>τίς</span> <span class='ocrx_word' id='word_1_216' title='bbox 557 1853 679 1895; x_wconf 83' lang='grc' dir='ltr'>οὕτως</span> <span class='ocrx_word' id='word_1_217' title='bbox 714 1853 853 1895; x_wconf 83' lang='grc' dir='ltr'>ἄθλιός</span> <span class='ocrx_word' id='word_1_218' title='bbox 883 1855 1007 1900; x_wconf 87' lang='grc' dir='ltr'>ἐστιν,</span> <span class='ocrx_word' id='word_1_219' title='bbox 1034 1854 1146 1895; x_wconf 83' lang='grc' dir='ltr'>ὅστις</span> <span class='ocrx_word' id='word_1_220' title='bbox 1182 1854 1281 1894; x_wconf 82' lang='grc' dir='ltr'>ἑκὼν</span> <span class='ocrx_word' id='word_1_221' title='bbox 1311 1853 1359 1894; x_wconf 81' lang='grc' dir='ltr'>ἂν</span> <span class='ocrx_word' id='word_1_222' title='bbox 1392 1855 1485 1904; x_wconf 88' lang='grc' dir='ltr'>μίαν</span> 
     </span>
     <span class='ocr_line' id='line_1_32' title="bbox 153 1918 1481 1971; baseline 0.002 -14"><span class='ocrx_word' id='word_1_223' title='bbox 153 1918 332 1971; x_wconf 78' lang='grc' dir='ltr'>δραχμὴν</span> <span class='ocrx_word' id='word_1_224' title='bbox 359 1918 590 1969; x_wconf 88' lang='grc' dir='ltr'>ἐθελήσειεν</span> <span class='ocrx_word' id='word_1_225' title='bbox 610 1921 836 1966; x_wconf 87' lang='grc' dir='ltr'>ἀναλῶσαι;</span> <span class='ocrx_word' id='word_1_226' title='bbox 875 1920 1001 1962; x_wconf 84' lang='grc' dir='ltr'>οὐδεὶς</span> <span class='ocrx_word' id='word_1_227' title='bbox 1027 1919 1162 1970; x_wconf 90' lang='grc' dir='ltr'>δήπου.</span> <span class='ocrx_word' id='word_1_228' title='bbox 1234 1920 1340 1966; x_wconf 81' lang='grc' dir='ltr'>ἀλλ’,</span> <span class='ocrx_word' id='word_1_229' title='bbox 1361 1920 1481 1971; x_wconf 81' lang='grc' dir='ltr'>οἶμαι,</span> 
     </span>
     <span class='ocr_line' id='line_1_33' title="bbox 152 1985 1484 2038; baseline 0.002 -14"><span class='ocrx_word' id='word_1_230' title='bbox 152 1988 196 2025; x_wconf 90' lang='grc' dir='ltr'>τό</span> <span class='ocrx_word' id='word_1_231' title='bbox 222 1985 370 2027; x_wconf 83' lang='grc' dir='ltr'>πάντας</span> <span class='ocrx_word' id='word_1_232' title='bbox 396 1989 532 2026; x_wconf 87' lang='grc' dir='ltr'>ποιοῦν</span> <span class='ocrx_word' id='word_1_233' title='bbox 563 1986 625 2026; x_wconf 86' lang='grc' dir='ltr'>καὶ</span> <span class='ocrx_word' id='word_1_234' title='bbox 651 1989 954 2038; x_wconf 84' lang='grc' dir='ltr'>φιλοτιμεῖσθαι</span> <span class='ocrx_word' id='word_1_235' title='bbox 984 1987 1046 2027; x_wconf 87' lang='grc' dir='ltr'>καὶ</span> <span class='ocrx_word' id='word_1_236' title='bbox 1071 1987 1304 2028; x_wconf 90' lang='grc' dir='ltr'>ἀναλίσκειν</span> <span class='ocrx_word' id='word_1_237' title='bbox 1330 1986 1484 2027; x_wconf 87' lang='grc' dir='ltr'>ἐθέλειν</span> 
     </span>
     <span class='ocr_line' id='line_1_34' title="bbox 153 2051 1483 2105; baseline 0.002 -14"><span class='ocrx_word' id='word_1_238' title='bbox 153 2051 270 2092; x_wconf 83' lang='grc' dir='ltr'>ἐκεῖν’</span> <span class='ocrx_word' id='word_1_239' title='bbox 296 2053 420 2098; x_wconf 87' lang='grc' dir='ltr'>ἐστίν,</span> <span class='ocrx_word' id='word_1_240' title='bbox 449 2053 509 2092; x_wconf 88' lang='grc' dir='ltr'>ὅτι</span> <span class='ocrx_word' id='word_1_241' title='bbox 534 2056 611 2093; x_wconf 91' lang='grc' dir='ltr'>τῶν</span> <span class='ocrx_word' id='word_1_242' title='bbox 636 2054 736 2093; x_wconf 84' lang='grc' dir='ltr'>ἴσων</span> <span class='ocrx_word' id='word_1_243' title='bbox 763 2054 825 2094; x_wconf 83' lang='grc' dir='ltr'>καὶ</span> <span class='ocrx_word' id='word_1_244' title='bbox 850 2057 927 2094; x_wconf 91' lang='grc' dir='ltr'>τῶν</span> <span class='ocrx_word' id='word_1_245' title='bbox 952 2055 1113 2094; x_wconf 90' lang='grc' dir='ltr'>δικαίων</span> <span class='ocrx_word' id='word_1_246' title='bbox 1138 2055 1306 2095; x_wconf 81' lang='grc' dir='ltr'>ἕκαστος</span> <span class='ocrx_word' id='word_1_247' title='bbox 1330 2054 1483 2105; x_wconf 85' lang='grc' dir='ltr'>ἡγεῖται</span> 
     </span>
     <span class='ocr_line' id='line_1_35' title="bbox 153 2119 1479 2174; baseline 0.002 -17"><span class='ocrx_word' id='word_1_248' title='bbox 153 2120 275 2173; x_wconf 79' lang='grc' dir='ltr'>ἑαυτῷ</span> <span class='ocrx_word' id='word_1_249' title='bbox 300 2122 474 2169; x_wconf 85' lang='grc' dir='ltr'>μετεῖναι</span> <span class='ocrx_word' id='word_1_250' title='bbox 500 2120 542 2160; x_wconf 86' lang='grc' dir='ltr'>ἐν</span> <span class='ocrx_word' id='word_1_251' title='bbox 567 2121 820 2174; x_wconf 81' lang='grc' dir='ltr'>δημοκρατίᾳ.</span> <span class='ocrx_word' id='word_1_252' title='bbox 893 2121 970 2173; x_wconf 86' lang='grc' dir='ltr'>ἐγὼ</span> <span class='ocrx_word' id='word_1_253' title='bbox 989 2122 1133 2166; x_wconf 88' lang='grc' dir='ltr'>τοίνυν,</span> <span class='ocrx_word' id='word_1_254' title='bbox 1155 2119 1184 2160; x_wconf 74' lang='grc' dir='ltr'><em>ὦ</em></span> <span class='ocrx_word' id='word_1_255' title='bbox 1205 2120 1343 2172; x_wconf 79' lang='grc' dir='ltr'>ἄνδρες</span> <span class='ocrx_word' id='word_1_256' title='bbox 1362 2120 1479 2170; x_wconf 87' lang='grc' dir='ltr'>Ἀθη-</span> 
     </span>
     <span class='ocr_line' id='line_1_36' title="bbox 153 2185 1479 2240; baseline 0.002 -15"><span class='ocrx_word' id='word_1_257' title='bbox 153 2189 268 2231; x_wconf 61' lang='lat' dir='ltr'><em>vaiet,</em></span> <span class='ocrx_word' id='word_1_258' title='bbox 285 2185 434 2226; x_wconf 92' lang='grc' dir='ltr'>τούτων</span> <span class='ocrx_word' id='word_1_259' title='bbox 450 2185 519 2226; x_wconf 84' lang='grc' dir='ltr'>οὐκ</span> <span class='ocrx_word' id='word_1_260' title='bbox 536 2186 678 2240; x_wconf 81' lang='grc' dir='ltr'>ἔτυχον</span> <span class='ocrx_word' id='word_1_261' title='bbox 695 2187 758 2227; x_wconf 79' lang='grc' dir='ltr'>διὰ</span> <span class='ocrx_word' id='word_1_262' title='bbox 773 2190 924 2233; x_wconf 85' lang='grc' dir='ltr'>τοῦτον,</span> <span class='ocrx_word' id='word_1_263' title='bbox 939 2188 1045 2227; x_wconf 80' lang='grc' dir='ltr'>ἀλλὰ</span> <span class='ocrx_word' id='word_1_264' title='bbox 1061 2187 1183 2240; x_wconf 87' lang='grc' dir='ltr'>χωρὶς</span> <span class='ocrx_word' id='word_1_265' title='bbox 1197 2188 1253 2227; x_wconf 79' lang='grc' dir='ltr'>ῶν</span> <span class='ocrx_word' id='word_1_266' title='bbox 1268 2188 1479 2238; x_wconf 83' lang='grc' dir='ltr'>ὑβρίσθην,</span> 
     </span>
    </p>

    <p class='ocr_par' dir='ltr' id='par_1_8' title="bbox 198 2293 1480 2338">
     <span class='ocr_line' id='line_1_37' title="bbox 198 2293 1480 2338; baseline 0.002 -14"><span class='ocrx_word' id='word_1_267' title='bbox 198 2303 210 2322; x_wconf 90' lang='lat'>1</span> <span class='ocrx_word' id='word_1_268' title='bbox 238 2293 339 2336; x_wconf 83' lang='grc' dir='ltr'>ταύτῃ</span> <span class='ocrx_word' id='word_1_269' title='bbox 359 2293 425 2324; x_wconf 85' lang='lat' dir='ltr'>SA</span> <span class='ocrx_word' id='word_1_270' title='bbox 438 2294 465 2324; x_wconf 85' lang='grc' dir='ltr'><em>Β</em></span> <span class='ocrx_word' id='word_1_271' title='bbox 482 2306 488 2324; x_wconf 86' lang='lat'>:</span> <span class='ocrx_word' id='word_1_272' title='bbox 512 2295 636 2333; x_wconf 83' lang='grc' dir='ltr'>ταύτην</span> <span class='ocrx_word' id='word_1_273' title='bbox 653 2296 694 2326; x_wconf 82' lang='lat' dir='ltr'>al.</span> <span class='ocrx_word' id='word_1_274' title='bbox 927 2297 966 2326; x_wconf 88' lang='lat'>16</span> <span class='ocrx_word' id='word_1_275' title='bbox 991 2296 1154 2338; x_wconf 81' lang='grc' dir='ltr'>φιλονικίᾳ</span> <span class='ocrx_word' id='word_1_276' title='bbox 1172 2296 1222 2327; x_wconf 76' lang='lat' dir='ltr'>O:</span> <span class='ocrx_word' id='word_1_277' title='bbox 1256 2296 1438 2338; x_wconf 80' lang='grc' dir='ltr'>φιλονεικίᾳ</span> <span class='ocrx_word' id='word_1_278' title='bbox 1457 2295 1480 2326; x_wconf 87' lang='lat' dir='ltr'>S</span> 
     </span>
    </p>
   </div>
   <div class='ocr_carea' id='block_1_8' title="bbox 151 2337 1481 2423">
    <p class='ocr_par' dir='ltr' id='par_1_9' title="bbox 151 2337 1481 2423">
     <span class='ocr_line' id='line_1_38' title="bbox 151 2337 1481 2380; baseline 0.002 -14"><span class='ocrx_word' id='word_1_279' title='bbox 151 2337 254 2376; x_wconf 56' lang='lat' dir='ltr'>vulg„</span> <span class='ocrx_word' id='word_1_280' title='bbox 276 2338 315 2367; x_wconf 78' lang='lat' dir='ltr'>cs.</span> <span class='ocrx_word' id='word_1_281' title='bbox 338 2340 375 2375; x_wconf 57' lang='grc' dir='ltr'>ἕξ</span> <span class='ocrx_word' id='word_1_282' title='bbox 394 2347 446 2377; x_wconf 86' lang='grc'>59,</span> <span class='ocrx_word' id='word_1_283' title='bbox 466 2340 509 2368; x_wconf 88' lang='grc'>60</span> <span class='ocrx_word' id='word_1_284' title='bbox 684 2340 722 2369; x_wconf 87' lang='lat'>18</span> <span class='ocrx_word' id='word_1_285' title='bbox 746 2340 798 2371; x_wconf 78' lang='grc' dir='ltr'>καὶ</span> <span class='ocrx_word' id='word_1_286' title='bbox 823 2339 899 2376; x_wconf 83' lang='grc' dir='ltr'>βίαν</span> <span class='ocrx_word' id='word_1_287' title='bbox 922 2340 997 2369; x_wconf 82' lang='lat' dir='ltr'>add.</span> <span class='ocrx_word' id='word_1_288' title='bbox 1017 2344 1096 2370; x_wconf 77' lang='lat' dir='ltr'>ante</span> <span class='ocrx_word' id='word_1_289' title='bbox 1122 2340 1256 2380; x_wconf 82' lang='grc' dir='ltr'>κρείττω</span> <span class='ocrx_word' id='word_1_290' title='bbox 1281 2340 1312 2369; x_wconf 90' lang='grc' dir='ltr'><strong>Α</strong></span> <span class='ocrx_word' id='word_1_291' title='bbox 1327 2339 1371 2371; x_wconf 85' lang='lat' dir='ltr'>P:</span> <span class='ocrx_word' id='word_1_292' title='bbox 1403 2345 1481 2379; x_wconf 84' lang='lat' dir='ltr'>post</span> 
     </span>
     <span class='ocr_line' id='line_1_39' title="bbox 152 2380 1480 2423; baseline 0.003 -12"><span class='ocrx_word' id='word_1_293' title='bbox 152 2381 286 2416; x_wconf 81' lang='grc' dir='ltr'>κρείττω</span> <span class='ocrx_word' id='word_1_294' title='bbox 304 2380 329 2411; x_wconf 84' lang='lat' dir='ltr'>F</span> <span class='ocrx_word' id='word_1_295' title='bbox 493 2392 536 2412; x_wconf 86' lang='lat'>20</span> <span class='ocrx_word' id='word_1_296' title='bbox 559 2385 712 2423; x_wconf 71' lang='grc' dir='ltr'>χορηγῶν</span> <span class='ocrx_word' id='word_1_297' title='bbox 728 2383 757 2412; x_wconf 92' lang='grc' dir='ltr'>Α</span> <span class='ocrx_word' id='word_1_298' title='bbox 922 2393 963 2421; x_wconf 83' lang='lat'>24</span> <span class='ocrx_word' id='word_1_299' title='bbox 989 2386 1128 2414; x_wconf 84' lang='grc' dir='ltr'>διατελῶ</span> <span class='ocrx_word' id='word_1_300' title='bbox 1145 2382 1254 2413; x_wconf 86' lang='lat' dir='ltr'>Cobet</span> <span class='ocrx_word' id='word_1_301' title='bbox 1270 2393 1277 2412; x_wconf 76' lang='lat' dir='ltr'>t</span> <span class='ocrx_word' id='word_1_302' title='bbox 1301 2383 1480 2415; x_wconf 86' lang='grc' dir='ltr'>διατελέσω</span> 
     </span>
    </p>
   </div>
   <div class='ocr_carea' id='block_1_9' title="bbox 152 2425 797 2463">
    <p class='ocr_par' dir='ltr' id='par_1_10' title="bbox 152 2425 797 2463">
     <span class='ocr_line' id='line_1_40' title="bbox 152 2425 797 2463; baseline 0.005 -10"><span class='ocrx_word' id='word_1_303' title='bbox 152 2425 248 2454; x_wconf 89' lang='lat' dir='ltr'>codd.</span> <span class='ocrx_word' id='word_1_304' title='bbox 380 2434 421 2463; x_wconf 86' lang='lat'>25</span> <span class='ocrx_word' id='word_1_305' title='bbox 447 2427 546 2457; x_wconf 74' lang='grc' dir='ltr'>οὕτως</span> <span class='ocrx_word' id='word_1_306' title='bbox 563 2436 627 2455; x_wconf 87' lang='lat' dir='ltr'>om.</span> <span class='ocrx_word' id='word_1_307' title='bbox 647 2426 671 2456; x_wconf 79' lang='grc'>5</span> <span class='ocrx_word' id='word_1_308' title='bbox 684 2426 713 2456; x_wconf 92' lang='lat' dir='ltr'><strong>Y</strong></span> <span class='ocrx_word' id='word_1_309' title='bbox 727 2426 756 2456; x_wconf 95' lang='lat' dir='ltr'>O</span> <span class='ocrx_word' id='word_1_310' title='bbox 772 2426 797 2455; x_wconf 88' lang='lat' dir='ltr'>P</span> 
     </span>
    </p>
   </div>
   <div class='ocr_carea' id='block_1_10' title="bbox 1525 147 1633 201">
    <p class='ocr_par' dir='ltr' id='par_1_11' title="bbox 1525 147 1633 201">
     <span class='ocr_line' id='line_1_41' title="bbox 1525 147 1633 201; baseline -0.009 0"><span class='ocrx_word' id='word_1_311' title='bbox 1525 147 1633 201; x_wconf 73' lang='lat'>[5351</span> 
     </span>
    </p>
   </div>
   <div class='ocr_carea' id='block_1_11' title="bbox 1522 325 1568 366">
    <p class='ocr_par' dir='ltr' id='par_1_12' title="bbox 1522 325 1568 366">
     <span class='ocr_line' id='line_1_42' title="bbox 1522 325 1568 366; baseline 0 0"><span class='ocrx_word' id='word_1_312' title='bbox 1522 325 1568 366; x_wconf 84' lang='lat'>64</span> 
     </span>
    </p>
   </div>
   <div class='ocr_carea' id='block_1_12' title="bbox 1518 1191 1564 1225">
    <p class='ocr_par' dir='ltr' id='par_1_13' title="bbox 1518 1191 1564 1225">
     <span class='ocr_line' id='line_1_43' title="bbox 1518 1191 1564 1225; baseline 0 0"><span class='ocrx_word' id='word_1_313' title='bbox 1518 1191 1564 1225; x_wconf 76' lang='lat'>66</span> 
     </span>
    </p>
   </div>
   <div class='ocr_carea' id='block_1_13' title="bbox 1518 1519 1630 1573">
    <p class='ocr_par' dir='ltr' id='par_1_14' title="bbox 1518 1519 1630 1573">
     <span class='ocr_line' id='line_1_44' title="bbox 1518 1519 1630 1573; baseline -0.009 0"><span class='ocrx_word' id='word_1_314' title='bbox 1518 1519 1630 1573; x_wconf 39' lang='lat'>[5362</span> 
     </span>
    </p>
   </div>
   <div class='ocr_carea' id='block_1_14' title="bbox 1628 1521 1631 1558">
    <p class='ocr_par' dir='ltr' id='par_1_15' title="bbox 1628 1521 1631 1558">
     <span class='ocr_line' id='line_1_45' title="bbox 1628 1521 1631 1541; baseline 0 0"><span class='ocrx_word' id='word_1_315' title='bbox 1628 1521 1631 1541; x_wconf 58' lang='grc' dir='ltr'>ἱ</span> 
     </span>
     <span class='ocr_line' id='line_1_46' title="bbox 1629 1545 1631 1558; baseline 0 0"><span class='ocrx_word' id='word_1_316' title='bbox 1629 1545 1631 1558; x_wconf 80' lang='grc' dir='ltr'>ι</span> 
     </span>
    </p>
   </div>
  </div>
 </body>
</html>
