1737 2734
194 154 310 208 xxw]
528 159 686 196 RATA
739 158 1189 196 ΤΙΜΟΚΡΑΤΟΎΣ

778 294 934 322 ΝΟΜΟΣ.

242 361 330 400 Ἐὰν
351 362 379 399 δ’
401 364 575 414 ἀργυρίου
595 362 744 413 τιμηθῇ,
767 363 928 401 δεδέσθω
948 363 1035 402 τέως
1057 361 1100 400 ἂν
1120 363 1278 413 ἐκτείσῃ.

259 473 466 514 Πέπαυσο.
539 475 651 515 ἔστιν
675 474 743 515 οὖν
768 475 874 516 ὅπως
903 473 952 514 ἂν
976 473 1238 525 ἐναντιώτερά
1263 490 1321 515 τις
1346 472 1413 513 δύο
1440 473 1523 522 θείη

190 543 259 580 τοῦ
296 540 491 586 δεδέσθαι,
530 541 627 583 τέως
663 540 710 582 ἂν
748 542 972 587 ἐκτείσωσι,
1010 541 1101 582 τοὺς
1138 542 1321 585 ἁλόντας,
1358 540 1421 579 καὶ
1456 542 1524 578 τοῦ

152 625 168 655 5
192 607 426 647 καθιστάναι
459 608 549 649 τοὺς
585 608 725 649 αὐτοὺς
756 608 917 649 τούτους
952 607 1157 660 ἐγγυητάς,
1193 609 1299 647 ἀλλὰ
1334 606 1386 656 μὴ
1421 609 1521 652 δεῖν;

190 677 309 713 ταῦτα
341 675 472 714 τοίνυν
511 678 721 726 κατηγορεῖ
750 673 997 726 Τιμοκράτης
1029 673 1312 726 Τιμοκράτους,
1349 673 1393 713 οὐ
1429 673 1521 712 Διό-

191 743 326 791 δωρος,
354 740 432 780 οὐδ’
457 741 581 782 ἄλλος
609 740 717 792 ὑμῶν
746 741 873 782 οὐδεὶς
901 741 1104 781 τοσούτων
1133 743 1259 781 ὄντων
1283 740 1329 780 τὸ
1358 742 1522 789 πλῆθος.

192 807 316 847 καίτοι
341 808 446 848 τίνος
470 807 517 848 ἂν
543 807 632 858 ὑμῖν
653 807 907 860 ἀποσχέσθαι
931 811 1040 847 δοκεῖ
1061 806 1266 858 λήμματος
1292 803 1313 856 ἢ
1335 808 1375 845 τί
1396 809 1523 846 ποιεῖν

190 873 239 914 ἂν
264 874 430 923 ὀκνῆσαι
456 873 613 926 κέρδους
639 876 781 920 εἵνεκα,
809 875 922 915 ὅστις
952 874 1101 914 ἐναντί’
1127 874 1242 915 αὐτὸς
1273 872 1374 927 αὐτῷ
1406 889 1522 923 νομο-

134 957 171 979 10
191 943 318 981 θετεῖν
342 939 526 990 ἠξίωσεν,
553 942 643 982 οὐδὲ
672 946 754 983 τοῖς
785 941 925 983 ἄλλοις
954 945 1032 981 τῶν
1062 942 1193 991 νόμων
1224 941 1399 986 ἐώντων;
1439 939 1524 989 ἐμοὶ

190 1009 264 1058 μὲν
292 1010 367 1059 γὰρ
398 1007 513 1048 εἵνεκ’
543 1009 741 1049 ἀναιδείας
775 1009 795 1048 ὁ
824 1011 998 1049 τοιοῦτος
1031 1010 1139 1047 δοκεῖ
1169 1010 1246 1047 πᾶν
1279 1006 1327 1046 ἂν
1361 1007 1524 1056 ἑτοίμως

192 1075 308 1126 ἔργον
328 1077 507 1124 ποιῆσαι.
567 1076 703 1127 ὥσπερ
723 1075 867 1120 τοίνυν,
889 1073 919 1114 ὦ
939 1074 1077 1126 ἄνδρες
1097 1074 1314 1124 Ἀθηναῖοι,
1337 1077 1414 1113 τῶν
1434 1073 1523 1123 περὶ

190 1141 320 1181 τᾶλλα
346 1142 574 1193 κακούργων
601 1141 691 1183 τοὺς
717 1142 1008 1194 ὁμολογοῦντας
1032 1141 1124 1182 ἄνευ
1151 1142 1315 1192 κρίσεως
1342 1139 1522 1189 κολάζειν

191 1209 226 1248 οἱ
256 1208 369 1258 νόμοι
402 1209 646 1254 κελεύουσιν,
678 1209 778 1248 οὕτω
812 1210 961 1248 δίκαιον
993 1209 1055 1248 καὶ
1083 1208 1234 1253 τούτου,
1269 1207 1401 1256 ἐπειδὴ
1431 1206 1522 1247 τοὺς

134 1288 169 1321 15
190 1275 332 1325 νόμους
366 1279 592 1327 κακουργῶν
625 1277 820 1325 εἴληπται,
851 1275 903 1325 μὴ
936 1276 1076 1316 δόντας
1107 1276 1232 1326 λόγον
1261 1273 1351 1325 μηδ’
1383 1272 1521 1323 ἐθελή-

192 1358 342 1383 σαντας
378 1342 547 1382 ἀκοῦσαι
583 1343 960 1394 καταψηφίσασθαι·
999 1341 1229 1393 ὡμολόγηκε
1263 1342 1339 1393 γὰρ
1373 1339 1522 1395 θατέρῳ

190 1405 256 1463 [τῷ
283 1406 474 1463 προτέρῳ]
500 1409 606 1463 νόμῳ
632 1409 746 1449 τόνδε
769 1409 890 1450 τιθεὶς
916 1409 1075 1448 ἀδικεῖν.

251 1474 349 1516 ”Οτι
376 1477 449 1526 μὲν
474 1477 605 1516 τοίνυν
633 1476 695 1516 καὶ
724 1477 829 1527 παρὰ
855 1476 1015 1516 τούτους
1040 1475 1129 1517 τοὺς
1159 1476 1301 1526 νόμους
1332 1475 1394 1515 καὶ
1419 1475 1523 1526 παρὰ

191 1542 282 1584 τοὺς
301 1542 617 1594 προειρημένους,
641 1543 704 1583 καὶ
728 1546 866 1595 μικροῦ
890 1542 964 1582 δέω
991 1544 1095 1594 παρὰ
1115 1540 1265 1583 πάντας
1290 1542 1415 1582 εἰπεῖν
1433 1542 1525 1583 τοὺς

134 1628 173 1649 20
191 1610 309 1651 ὄντας
340 1611 382 1650 ἐν
411 1615 460 1666 τῇ
489 1610 616 1655 πόλει,
648 1609 788 1659 τέθηκε
817 1609 885 1649 τὸν
914 1610 1048 1660 νόμον,
1081 1608 1189 1659 οἶμαι
1222 1611 1344 1658 δῆλον
1374 1608 1525 1648 ἅπασιν

191 1675 280 1727 ὑμῖν
306 1675 418 1717 εἶναι.
491 1676 671 1727 θαυμάζω
702 1675 735 1716 δ’
760 1676 878 1716 αὐτοῦ
902 1677 943 1716 τί
963 1693 1059 1716 ποτε
1086 1676 1148 1715 καὶ
1172 1674 1367 1726 τολμήσει
1391 1675 1525 1728 λέγειν

193 1744 282 1795 περὶ
305 1744 467 1784 τούτων.
539 1744 627 1784 οὔτε
653 1745 728 1795 γὰρ
754 1743 805 1784 ὡς
834 1742 902 1782 οὐκ
933 1743 1108 1784 ἐναντίος
1138 1742 1224 1783 ἔσθ’
1251 1743 1271 1782 ὁ
1301 1743 1419 1793 νόμος
1443 1745 1525 1784 τοῖς

192 1809 333 1851 ἄλλοις
366 1810 557 1851 δεικνύειν
589 1809 680 1860 ἕξει,
716 1809 798 1850 οὔθ’
832 1810 883 1852 ὡς
916 1809 965 1850 δι’
999 1810 1180 1861 ἀπειρίαν
1214 1809 1372 1859 ἰδιώτην
1406 1809 1524 1849 αὐτὸν

193 1878 289 1917 ὄντα
314 1877 416 1917 τοῦτ’
442 1878 585 1917 ἔλαθεν
611 1876 757 1917 δύναιτ’
782 1876 830 1917 ἂν
857 1880 1006 1917 πεῖσαι·
1044 1875 1168 1917 πάλαι
1192 1877 1267 1928 γὰρ
1292 1878 1437 1926 μισθοῦ
1463 1876 1524 1915 καὶ

135 1961 172 1993 25
193 1943 359 1996 γράφων
390 1945 452 1984 καὶ
483 1945 624 1994 νόμους
655 1943 856 1996 εἰσφέρων
885 1942 1024 1983 ὦπται.
1096 1943 1158 1983 καὶ
1190 1942 1266 1993 μὴν
1291 1941 1371 1983 οὐδ’
1397 1943 1526 1982 ἐκεῖνό

237 2064 256 2084 2
270 2059 304 2084 et
317 2065 336 2092 4
360 2053 439 2086 τέως
455 2054 559 2084 Paris.
575 2053 804 2084 Coislinianus
817 2063 902 2092 339:
926 2055 1006 2084 τεὼς
1021 2052 1064 2083 S:
1090 2065 1127 2083 τε
1145 2051 1202 2083 ἕως
1215 2051 1244 2081 Α
1261 2063 1267 2081 :
1294 2051 1350 2083 ἕως
1366 2051 1523 2089 Dindors,

194 2097 235 2128 cs.
257 2100 293 2135 ἐξ
311 2099 365 2137 63,
383 2098 436 2135 81,
459 2106 518 2136 105
659 2106 678 2135 3
702 2098 741 2128 ἂν
758 2097 971 2137 ἐναντιώτερα
989 2096 1012 2125 S
1033 2100 1150 2134 (supra
1167 2109 1214 2127 τις
1232 2096 1308 2125 add.
1328 2095 1469 2125 alterum
1488 2098 1526 2126 ἀν

195 2140 218 2171 S
244 2142 349 2182 corr.)
373 2141 462 2180 vulg.
482 2152 488 2170 :
521 2142 559 2172 ἂν
582 2150 646 2170 om.
666 2139 717 2169 A:
751 2139 953 2179 ἐναντιώτερ’
975 2140 1012 2170 ἂν
1032 2138 1124 2168 Weil
1299 2148 1338 2168 10
1369 2138 1441 2169 οὐδὲ
1459 2161 1466 2168 .
1486 2161 1493 2167 .
1515 2161 1521 2167 .

194 2188 259 2216 τῶν
284 2184 402 2225 νόμων]
429 2187 495 2216 τῶν
519 2183 623 2223 νόμων
646 2183 719 2215 οὐδὲ
742 2185 810 2215 τοῖς
835 2184 947 2215 ἄλλοις
972 2182 1002 2211 Α
1138 2192 1176 2220 13
1208 2181 1472 2220 κακουργούντων
1494 2180 1526 2210 Α

198 2238 235 2265 14
267 2228 384 2259 τούτου
409 2227 622 2258 Felicianus:
653 2228 768 2258 τοῦτον
791 2227 890 2256 codd.
1061 2226 1100 2255 16
1131 2225 1251 2266 θατέρῳ
1277 2224 1411 2255 FYO:
1442 2224 1511 2255 secl

196 2270 345 2301 Dindorf
366 2272 512 2311 (servato
538 2270 723 2308 ἐναντίον);
755 2269 888 2310 θάτερον
913 2267 978 2298 SA
1155 2279 1191 2307 17
1224 2272 1268 2308 τῷ
1292 2267 1434 2309 προτέρῳ
1458 2268 1522 2298 del.

196 2314 293 2345 Blass
393 2314 538 2346 ἐναντίον
554 2317 630 2352 post
647 2312 731 2353 νόμῳ
748 2313 823 2343 add.
843 2312 930 2351 vulg.
949 2324 956 2342 :
981 2322 1044 2342 orn.
1066 2311 1089 2342 S
1107 2311 1198 2342 solus
1300 2311 1394 2343 τόνδε
1410 2310 1523 2350 τιθεὶς]

195 2357 283 2389 τόνδ’
301 2359 417 2389 ἐπιθεὶς
433 2356 525 2387 Weil
545 2357 672 2396 (cetera
687 2356 772 2386 sicut
789 2356 822 2385 in
841 2355 879 2396 S)
1014 2356 1054 2385 18
1077 2355 1150 2387 τοὺς
1168 2354 1280 2394 νόμους
1299 2360 1374 2393 post
1391 2354 1525 2386 τούτους

197 2400 221 2431 S
238 2401 325 2440 vulg.
344 2412 351 2430 z
375 2406 454 2430 ante
471 2400 604 2432 τούτους
621 2399 662 2429 al.
680 2410 686 2430 ;
712 2409 774 2429 om.
796 2397 840 2429 Y¹
1019 2408 1056 2428 21
1078 2399 1176 2430 αὐτὸν
1192 2398 1222 2428 Α
1341 2399 1391 2429 καὶ
1410 2407 1474 2428 om.
1494 2397 1524 2426 A

195 2454 303 2483 23-24
328 2445 424 2476 αὐτὸν
441 2448 474 2474 et
491 2443 579 2474 τοῦτ’
597 2453 661 2473 om.
682 2442 710 2472 Α

1558 155 1659 209 [721]

1554 1481 1600 1515 66

1556 1809 1666 1863 [722]
