1737 2734
56 173 180 228 [606]

64 483 183 537 [607]

136 1561 178 1594 47

642 174 1129 212 ΔΗΜΟΣΘΕΝΟΎΣ
1433 171 1539 225 [xxm

215 277 382 318 ἁλόντος
407 277 545 317 τούτου
568 278 702 327 μηδεὶς
724 279 916 317 εἰσοίσειν
941 277 1028 327 μηδ’
1049 277 1255 327 ἐθελήσειν
1276 279 1537 331 εἰσπράττειν,

214 343 294 382 οὐδ’
320 344 442 384 οὕτως
468 344 792 394 ἀποψηφιστέον,
821 345 864 383 ἐκ
890 347 1012 384 τῶνδε
1038 345 1257 395 γνώσεσθε.
1323 347 1412 396 ὑμῖν
1435 349 1540 398 παρὰ

215 412 283 451 τὰς
331 411 523 461 εἰσφορὰς
564 412 632 451 τὰς
675 410 752 450 ἀπὸ
795 412 1048 456 Ναυσινίκου,
1094 411 1184 462 παρ’
1227 413 1323 453 ἴσως
1363 412 1540 453 τάλαντα

214 475 405 527 τριακόσι’
435 473 457 525 ἦ
492 480 613 530 μικρῷ
649 477 785 521 πλείω,
821 477 1016 526 ἔλλειμμα
1050 477 1215 528 τέτταρα
1250 479 1311 518 καὶ
1345 478 1421 518 δέκ’
1453 481 1540 520 ἐστὶ

214 542 403 588 τάλαντα,
430 544 484 582 ὧν
509 545 607 582 ἑπτὰ
632 543 745 585 οὗτος
770 543 1016 595 εἰσέπραξεν,
1047 544 1125 595 ἐγὼ
1156 546 1195 584 δὲ
1220 545 1347 595 τίθημ’
1373 545 1538 586 ἅπαντα.

215 609 279 648 ἐπὶ
303 611 374 659 μὲν
395 609 440 658 δὴ
460 609 549 650 τοὺς
569 610 730 651 ἑκόντας
749 609 927 650 τιθέντας
946 609 990 649 οὐ
1011 610 1135 650 δεῖσθ’
1158 610 1452 662 Ἀνδροτίωνος,
1477 614 1539 653 ἐπὶ

169 694 180 702 -
214 677 255 715 δὲ
285 676 374 716 τοὺς
409 677 680 717 ἐλλείποντας.
752 677 838 717 ἔστι
870 678 1002 716 τοίνυν
1033 678 1122 726 ὑμῖν
1153 677 1236 717 νυνὶ
1268 677 1474 724 σκεπτέον,
1506 681 1540 718 εἰ

213 742 406 782 τοσούτου
435 745 602 792 τιμᾶσθε
628 743 700 792 τὴν
724 744 928 783 πολιτείαν
960 744 1021 782 καὶ
1052 743 1141 784 τοὺς
1171 743 1369 794 κειμένους
1399 745 1540 795 νόμους

214 809 276 848 καὶ
295 809 339 848 τὸ
361 809 546 861 εὐορκεῖν·
586 811 618 849 εἰ
639 811 713 860 γὰρ
733 811 1036 861 ἀποψηφιεῖσθε
1063 811 1200 850 τούτου
1221 814 1400 862 φανερῶς
1420 812 1540 852 οὕτως

213 877 317 926 παρὰ
342 876 431 917 τοὺς
457 876 598 925 νόμους
625 877 837 927 εἰρηκότος,
861 876 993 926 δόξετε
1015 878 1138 916 πᾶσιν
1158 878 1206 916 τὰ
1230 876 1411 928 χρήματα
1435 877 1539 916 ταῦτ’

213 942 298 982 ἀντὶ
317 946 395 982 τῶν
415 943 545 992 νόμων
566 943 626 981 καὶ
646 945 714 992 τῆς
740 943 916 993 εὐορκίας
940 942 1121 998 ᾑρῆσθαι.
1184 943 1208 982 ἃ
1232 943 1311 983 οὐδ’
1330 943 1378 982 ἂν
1398 944 1431 982 εἰ
1451 943 1539 994 παρ’

213 1010 349 1048 ἑαυτοῦ
379 1011 462 1058 δοίη
493 1026 550 1050 τις
580 1011 680 1059 ὑμῖν,
708 1013 852 1058 λαβεῖν
882 1008 1005 1058 ἄξιον,
1033 1008 1084 1059 μή
1111 1009 1150 1048 τί
1177 1009 1213 1060 γ’
1239 1009 1303 1061 ἐφ’
1329 1008 1356 1063 ᾧ
1385 1009 1539 1061 ἑτέρους

214 1074 478 1127 εἰσπράττειν.
550 1075 647 1115 ὥσθ’
673 1077 768 1116 ὅταν
793 1079 914 1115 ταῦτα
944 1075 1054 1130 λέγῃ,
1083 1075 1287 1125 μέμνησθε
1311 1079 1390 1115 τῶν
1414 1077 1540 1127 ὅρκων

214 1143 274 1181 καὶ
290 1142 361 1192 τὴν
378 1142 536 1194 γραφὴν
553 1145 796 1193 ἐνθυμεῖσθε,
817 1143 876 1181 ὅτι
893 1146 960 1181 νῦν
980 1141 1023 1180 οὐ
1041 1142 1128 1192 περὶ
1145 1141 1322 1192 πράξεως
1339 1143 1540 1194 εἰσφορῶν

214 1210 337 1255 ἐστιν,
358 1209 448 1249 ἀλλ’
467 1211 500 1249 εἰ
519 1213 579 1249 δεῖ
598 1210 748 1260 κυρίους
768 1208 867 1248 εἶναι
886 1209 975 1249 τοὺς
996 1209 1150 1257 νόμους.
1207 1209 1268 1248 καὶ
1289 1209 1375 1259 περὶ
1391 1209 1539 1248 τούτων

211 1275 296 1325 μέν,
323 1276 367 1315 ὃν
392 1277 538 1328 τρόπον
564 1277 662 1326 ὑμᾶς
688 1274 854 1326 ἀπάγων
880 1275 957 1314 ἀπὸ
983 1278 1049 1313 τοῦ
1076 1275 1197 1324 νόμου
1222 1275 1539 1326 παρακρούεσθαι

211 1342 384 1392 ζητήσει,
410 1344 471 1383 καὶ
498 1343 521 1382 δι
547 1342 642 1394 πρὸς
661 1342 768 1381 ταῦθ’
790 1343 888 1392 ὑμᾶς
912 1341 1229 1391 μνημονεύοντας
1253 1341 1306 1391 μὴ
1326 1341 1541 1393 ’πιτρέπειν

209 1408 416 1460 προσήκει,
455 1411 586 1450 πολλὰ
627 1408 763 1460 λέγειν
803 1408 906 1461 ἔχων
946 1409 1014 1452 ἔτι,
1055 1407 1116 1447 καὶ
1157 1407 1266 1447 ταῦθ’
1304 1407 1403 1448 ἱκάν’
1440 1407 1539 1448 εἶναι

209 1477 389 1527 νομίζων,
417 1476 536 1516 ἐάσω.

282 1544 481 1594 Βούλομαι
519 1547 559 1582 οὲ
601 1544 662 1583 καὶ
698 1545 746 1581 τὰ
782 1543 1053 1591 πολιτεύματα
1091 1540 1277 1590 ἐξετάσαι
1311 1545 1379 1581 τοῦ
1419 1545 1540 1581 καλοῦ

213 1612 386 1663 κάγαθοῦ
404 1610 554 1655 τούτου,
577 1609 624 1650 δι’
644 1611 698 1649 ὧν
718 1609 784 1648 οὐκ
811 1608 896 1648 ἔσθ’
917 1610 938 1648 ὅ
956 1625 994 1648 τι
1013 1612 1089 1648 τῶν
1109 1607 1340 1647 δεινοτάτων
1361 1609 1538 1648 ἐλλιπὼν

212 1676 449 1730 φανήσεται·
493 1678 554 1717 καὶ
591 1679 665 1728 γὰρ
704 1677 841 1725 ἀναιδῆ
879 1675 942 1714 καὶ
981 1675 1130 1726 θρασὺν
1167 1675 1230 1714 καὶ
1267 1674 1439 1725 κλέπτην
1477 1676 1538 1715 καὶ

211 1743 466 1796 ὑπερήφανον
487 1745 548 1783 καὶ
569 1743 697 1783 πάντα
721 1746 877 1793 μᾶλλον
897 1739 919 1791 ἦ
941 1743 982 1782 ἐν
1002 1743 1238 1795 δημοκρατίᾳ
1258 1742 1539 1782 πολιτεύεσθαι

212 1810 433 1861 ἐπιτήδειον
451 1810 531 1850 ὄντ’
548 1810 666 1850 αὐτὸν
687 1808 812 1860 δείξω.
865 1810 926 1849 καὶ
946 1812 1100 1860 πρῶτον
1118 1808 1202 1858 μέν,
1223 1808 1286 1860 ἐφ’
1304 1807 1331 1862 ᾧ
1347 1808 1538 1860 μέγιστον

212 1881 364 1930 φρονεῖ,
385 1878 456 1927 τὴν
480 1881 556 1916 τῶν
582 1876 794 1929 χρημάτων
821 1874 1029 1927 εἴσπραξιν
1056 1874 1305 1925 ἐξετάσωμεν
1330 1876 1458 1920 αὐτοῦ,
1484 1874 1536 1925 μὴ
1582 1891 1595 1920 5

211 1951 258 2002 τῇ
277 1945 414 1985 τούτου
436 1943 702 1996 προσέχοντες
728 1943 938 1996 ἀλαζονείᾳ
962 1942 1030 1982 τὸν
1056 1945 1158 1987 νοῦν,
1181 1943 1286 1981 ἀλλὰ
1310 1941 1353 1981 τὸ
1378 1944 1538 1993 πρᾶγμα

212 2013 295 2052 οἶον
334 2011 500 2064 γέγονεν
537 2017 584 2068 τῇ
623 2012 788 2062 ἀληθείᾳ
827 2013 1079 2051 σκοποῦντες.
1153 2008 1266 2050 οὗτος
1306 2007 1538 2058 Εὐκτήμονα

212 2078 348 2130 φήσας
378 2081 447 2119 τὰς
475 2078 663 2130 ὑμετέρας
694 2078 802 2130 ἔχειν
827 2078 1019 2128 εἰσφορὰς
1050 2076 1112 2115 καὶ
1137 2075 1240 2115 τοῦτ’
1266 2074 1489 2127 ἐξελέγξειν
1513 2072 1536 2124 ἢ

255 2199 274 2218 2
299 2191 380 2231 παρὰ
404 2199 469 2219 orn.
489 2189 512 2219 S
528 2189 551 2218 L
699 2197 718 2225 3
743 2187 814 2227 παρ’
833 2188 907 2217 ’ἴσως
935 2185 979 2215 F:
1011 2185 1151 2225 παρῖσως
1177 2183 1199 2213 S
1216 2184 1239 2214 L
1256 2183 1296 2213 al.
1316 2195 1322 2214 ε
1354 2183 1479 2224 πάρεισι
1504 2183 1535 2214 O

212 2242 317 2271 marg.
338 2244 344 2263 ἰ
376 2234 523 2265 τάλαντα
539 2231 598 2273 [ιι-τ’
620 2232 666 2268 (2
683 2240 777 2269 1300)
799 2240 857 2268 pro
882 2230 1030 2260 τάλαντα
1049 2228 1078 2259 τ’
1096 2230 1104 2262 (
1121 2244 1141 2254 =
1154 2234 1232 2265 30οἶ
1254 2227 1342 2257 coni.
1360 2227 1534 2261 Wardalc.

213 2283 301 2306 recte
328 2282 408 2316 puto
563 2288 581 2313 4
615 2276 774 2313 ἔλλειμμα
791 2274 820 2303 Α
839 2284 845 2303 z
872 2273 1074 2311 ἐλλείμματα
1091 2272 1114 2301 S
1129 2271 1153 2301 L
1171 2270 1259 2308 vulg.
1415 2280 1433 2309 5
1460 2276 1534 2310 post

212 2321 294 2351 ἑπτὰ
312 2321 385 2351 add.
406 2320 554 2352 τάλαντα
572 2320 595 2348 S
610 2319 634 2348 L
650 2318 677 2348 Y
692 2318 721 2348 O
740 2329 746 2348 ε
770 2327 834 2347 om.
853 2316 941 2354 vulg.
1116 2316 1153 2344 16
1178 2314 1310 2353 ἀπάγων
1326 2312 1355 2343 Α
1372 2325 1377 2343 ;
1403 2315 1533 2354 ἀγαγὼν

213 2362 255 2392 F:
283 2366 459 2404 ἀπαγαγὼν
477 2365 499 2391 S
517 2363 539 2392 L
650 2371 687 2391 21
716 2361 858 2392 ἐλλιπὼν
876 2359 927 2388 A:
954 2358 1113 2390 ἐλλείπων
1130 2357 1153 2388 S
1168 2357 1192 2387 F
1205 2357 1233 2386 Y
1246 2357 1276 2388 O
1293 2368 1300 2386 z
1325 2358 1490 2388 ἐλλείπειν
1508 2358 1533 2387 L

212 2416 251 2444 24
278 2408 366 2447 δείξω
385 2408 408 2437 S
425 2407 489 2436 Ι.Α
504 2406 532 2436 Υ
545 2405 575 2435 O
593 2417 598 2434 :
625 2406 768 2445 ἐπιδείξω
790 2403 813 2432 F
902 2404 951 2433 καὶ
970 2406 1095 2442 πρῶτον
1111 2401 1170 2440 μέν
1189 2426 1193 2431 .
1212 2424 1219 2430 .
1239 2424 1246 2430 .
1271 2404 1285 2436 ξ
1305 2402 1347 2437 56
1365 2400 1531 2439 ἕλκεσθαι]

212 2452 327 2481 cadem
346 2452 414 2481 fere
436 2451 515 2480 xxiv
538 2450 684 2480 ›fio-168
778 2456 818 2485 25
844 2445 1043 2486 ἐξετάσωμεν
1060 2445 1083 2474 S
1098 2445 1122 2474 L
1136 2444 1160 2473 F
1172 2443 1200 2474 Y
1213 2443 1243 2474 O
1262 2455 1268 2474 ε
1293 2444 1487 2482 ἐξετάσομεν
1503 2443 1532 2474 Α

1564 893 1599 914 10

1563 1224 1598 1254 15

1563 1557 1600 1578 20
