1737 2734
187 133 302 188 xxw]
523 141 682 178 RATA
730 140 1180 178 TIMOKPATOTE

185 244 488 296 φιλανθρωπίαν
511 246 572 285 καὶ
592 244 661 294 τὴν
680 245 880 296 πραότητα
900 244 972 294 τὴν
987 243 1190 296 ὑμετέραν,
1211 244 1273 284 καὶ
1293 245 1354 284 διὰ
1371 243 1516 293 ταύτην

187 311 288 363 ἑώρα
317 312 404 362 περὶ
440 316 603 352 πολλῶν
634 313 732 362 ὑμᾶς
767 313 925 353 ἑκόντας
955 311 1026 362 ἤδη
1057 313 1151 351 ποτὲ
1183 310 1340 363 μεγάλα
1375 311 1515 361 ζημιω-

185 377 338 419 θέντας.
409 380 656 428 βουλόμενος
690 378 734 428 δὴ
768 380 961 429 μηδεμίαν
994 379 1200 430 πρόφασιν
1228 381 1297 418 τοῦ
1327 379 1374 417 τὰ
1408 379 1517 418 κοινὰ

187 448 312 486 κακῶς
348 444 456 497 ἔχειν
493 446 718 490 ὑπολιπεῖν,
752 446 842 487 τοὺς
877 446 975 496 μετὰ
1011 449 1089 485 τῶν
1126 445 1255 496 νόμων
1292 445 1419 496 κρίσει
1456 444 1518 485 καὶ

147 513 424 565 5δικαστηρίῳ
461 512 512 562 μὴ
550 513 679 552 δίκαια
717 515 842 552 ποιεῖν
881 512 1154 563 ἐγνωσμένους
1196 511 1264 551 οὐκ
1306 510 1400 566 ᾤετο
1436 514 1518 552 δεῖν

185 581 254 628 τῆς
285 578 460 628 εὐηθείας
490 581 559 628 τῆς
588 578 775 630 ὑμετέρας
806 579 1034 624 ἀπολαύειν,
1065 578 1110 618 τὸ
1143 581 1298 618 δεῖσθαι
1327 580 1390 619 καὶ
1418 580 1518 629 μετὰ

186 648 395 697 συμφορᾶς
429 646 614 686 ἱκετεύειι
649 646 816 698 ἔχοντας
853 645 1050 697 ἀφορμηι,
1086 645 1177 685 ἀλλ’
1210 646 1313 686 ὅλως
1349 646 1518 686 ἀπεῖπεν

185 711 274 761 μητ’
294 712 396 766 αὐτῷ
422 711 511 762 μήτ’
532 712 643 767 ἄλλῳ
670 713 806 763 μηδενι
831 711 922 763 μηθ’
944 712 1130 753 ικετεύειν
1148 729 1246 762 μητε
1266 712 1402 764 λέγειν
1421 711 1517 764 ὑπὲρ

185 783 262 818 τῶν
293 779 491 824 τοιούτων,
521 780 627 819 ἀλλὰ
658 783 786 819 ποιεῖν
818 796 865 819 τα
895 780 1025 819 δίκαια
1054 785 1163 836 σιγῇ.
1237 780 1270 819 εἷ
1299 779 1430 819 τοίνυν
1459 795 1518 821 τις

129 859 166 880 10
186 845 305 897 ἔροιθ’
335 845 432 896 ὑμᾶς
470 845 651 897 ποτέροις
681 849 837 897 μᾶλλον
866 845 914 886 ἂν
945 847 1103 887 εἰκότως
1139 844 1341 895 ποιήσαιθ’
1372 846 1514 891 ὁτιοῦν,

185 916 267 954 τοῖς
293 912 491 962 δεομένοις
517 910 540 962 ἦ
565 917 646 955 τοῖς
673 912 960 958 ἐπιτάττουσιν,
989 912 1062 953 οἶδ’
1087 914 1147 953 ὅτι
1172 911 1338 964 φήσαιτ’
1363 912 1412 953 ἂν
1435 916 1518 955 τοῖς

186 978 398 1029 δεομένοις·
437 979 481 1019 τὸ
510 982 583 1030 μὲν
608 981 684 1031 γὰρ
710 983 910 1033 χρηστῶν,
937 979 982 1019 τὸ
1012 979 1045 1019 δ’
1071 979 1274 1031 ἀνάνδρων
1298 980 1518 1032 ἀνθρώπων

186 1046 304 1098 ἔργον
330 1046 455 1086 ἐστίν.
511 1046 649 1087 οὐκοῦν
675 1048 710 1087 οἱ
736 1047 849 1097 νόμοι
871 1049 944 1097 μὲν
964 1046 1135 1088 ἅπαντες
1155 1046 1474 1098 προστάττουσιν
1494 1051 1517 1086 ἃ

186 1112 261 1166 χρὴ
288 1117 429 1158 ποιεῖν,
457 1115 493 1153 οἱ
519 1113 691 1154 τιθέντες
717 1115 757 1153 δὲ
784 1115 852 1155 τὰς
880 1115 1073 1165 ἱκετηρίας
1099 1115 1266 1154 δέονται.
1327 1114 1361 1153 εἰ
1385 1114 1516 1153 τοίνυν

127 1191 162 1223 15
187 1179 373 1220 ἱκετεύειν
398 1179 465 1219 οὐκ
493 1179 661 1230 ἔξεστιν,
684 1179 707 1230 ἦ
727 1197 801 1221 που
827 1181 947 1231 νόμον
966 1179 1002 1232 γ’
1024 1179 1206 1233 ἐπίταγμ’
1226 1179 1356 1233 ἔχοντ’
1376 1179 1514 1232 εἰσφέ-

184 1263 286 1297 ρειν;
327 1247 404 1298 ἐγὼ
434 1249 507 1297 μὲν
537 1247 604 1286 οὐκ
636 1247 755 1298 οἶμαι.
830 1247 892 1286 καὶ
916 1248 991 1299 γὰρ
1017 1247 1187 1300 αἰσχρὸν
1219 1247 1308 1298 περὶ
1335 1247 1391 1286 ὧν
1418 1248 1516 1297 μηδὲ

185 1314 419 1365 χαρίζεσθαι
445 1317 525 1354 δεῖν
550 1313 811 1366 ὑπειλήφατε,
833 1314 921 1365 περὶ
944 1315 1094 1354 τούτων
1114 1314 1290 1355 ἀκόντων
1315 1312 1421 1364 ὑμῶν
1446 1315 1516 1354 {av

185 1380 208 1419 ἆ
233 1397 336 1422 τινες
361 1381 578 1431 βούλονται
605 1383 842 1434 πραχθῆναι.

250 1446 355 1500 Λέγε
379 1447 448 1487 τὸν
472 1450 571 1498 μετὰ
596 1451 734 1488 τοῦτον
760 1446 917 1499 ἐφεξῆς.

121 1576 160 1597 20
767 1577 924 1606 ΝΟΜΟΣ.

229 1651 359 1689 Ὄσων
386 1651 467 1700 δίκη
495 1652 672 1700 πρότεροι
699 1651 842 1701 ἐγειετο
869 1649 891 1699 ὴ
920 1648 1087 1688 <imbuet
1070 1668 1092 1699 η
1117 1649 1326 1688 διαδικασια
1347 1650 1432 1699 περί
1450 1667 1513 1688 του

181 1708 217 1743 ἐν
252 1706 486 1756 δικαστηρίω,
517 1705 539 1754 ἢ
570 1706 640 1755 ἶδιᾳ
669 1723 692 1754 η
722 1705 897 1755 δημοσίᾳ,
927 1704 950 1753 ἦ
980 1705 1021 1742 τὸ
1051 1704 1232 1753 δημόσιον
1262 1704 1432 1748 ἀπέδοτο,
1459 1723 1512 1753 μη

181 1761 344 1811 εἰσάγειν
372 1760 455 1809 περὶ
484 1762 620 1797 τούτωι
651 1762 699 1799 εἷς
727 1761 769 1797 τὸ
799 1759 1036 1808 δικαστήριον
1063 1758 1148 1807 μηδ’
1177 1761 1337 1807 ἐπιψηφι
1334 1759 1413 1804 ζειν
1442 1762 1512 1796 τῶι

179 1815 365 1865 ἀρχόντων
385 1814 535 1863 μηδέια,
557 1813 651 1863 μηδὲ
672 1816 888 1865 κατηγορεῖν
908 1831 974 1851 εωι
977 1830 1046 1850 των
1067 1814 1088 1850 ἃ
1110 1815 1174 1850 οἰκ
1195 1816 1303 1850 ἐωσιν
1324 1815 1357 1850 οἱ
1377 1813 1495 1862 νόμοι

118 1944 155 1974 25
243 1930 493 1983 Τιμοκράτης
522 1931 666 1976 τοίνυν,
697 1931 833 1981 ὥσπερ
855 1931 1070 1981 μαρτυρίαν
1095 1931 1149 1969 ὧν
1179 1931 1305 1969 ἀδικεῖ
1328 1929 1506 1982 γράφων,

177 1998 289 2040 εὐθὺς
311 1999 531 2051 ἀρχόμενος
551 2001 619 2037 τοῦ
643 1998 764 2047 νόμου
783 1996 962 2036 τάναντί’
981 1996 1096 2046 ἔθηκε
1115 1996 1281 2038 τούτοις.
1336 1997 1355 2035 ὁ
1379 1996 1452 2045 μέν
1471 1996 1507 2048 γ’

175 2064 242 2104 οὐκ
268 2066 312 2120 ἐᾷ
338 2065 425 2116 περὶ
451 2066 506 2104 ὧν
526 2064 574 2104 ἂν
594 2064 705 2114 ἅπαξ
720 2068 798 2117 γνῷ
820 2063 1072 2115 δικαστήριον
1093 2063 1213 2103 πάλιν
1237 2063 1505 2115 χρηματίζειν·

174 2132 194 2170 ὁ
221 2131 253 2171 δ’
280 2131 470 2184 ἔγραψεν,
499 2132 561 2171 καὶ
589 2133 626 2171 εἴ
647 2147 722 2170 τινι
749 2132 1059 2182 προστετίμηται
1090 2131 1188 2170 κατὰ
1213 2130 1333 2180 νόμον
1359 2126 1381 2179 ἢ
1407 2131 1505 2169 κατὰ

173 2197 382 2250 ψήφισμα,
410 2198 479 2238 τὸν
509 2200 632 2248 δῆμον
660 2198 784 2251 τούτῳ
815 2199 1080 2250 χρηματίζειν,
1114 2199 1220 2238 ὅπως
1250 2197 1273 2236 δι
1300 2199 1373 2247 μὲν
1402 2196 1504 2247 ἔγνω

224 2310 257 2344 ἐξ
279 2317 385 2346 53-54
411 2320 471 2338 που
488 2306 585 2345 νόμον
600 2307 633 2347 γ’
651 2329 658 2336 .
679 2330 686 2336 .
707 2331 713 2337 .
735 2306 872 2338 ἀπέδοτο
888 2306 949 2347 μὴ]
973 2306 1229 2346 Oxyrhynchus
1248 2305 1371 2344 Papyri
1397 2305 1416 2334 ii
1445 2314 1503 2342 132

180 2360 215 2390 17
241 2353 312 2391 περὶ
329 2351 453 2382 τούτων
469 2360 532 2381 om.
553 2350 603 2379 A:
629 2350 703 2380 add.
725 2355 802 2380 cett.
825 2350 905 2389 Pap.
1074 2359 1112 2387 19
1141 2351 1255 2391 ἐφεξῆς
1274 2348 1371 2388 νόμον
1386 2347 1502 2378 AYO

175 2404 217 2424 22
242 2395 304 2436 ἰδίᾳ
322 2394 385 2434 (sic
405 2393 503 2434 Pap.)
520 2394 539 2432 ἢ
562 2394 700 2436 δημοσίᾳ
724 2393 789 2424 SY
803 2393 854 2424 O:
881 2393 944 2425 ἰδία
965 2394 983 2431 ἢ
1007 2392 1145 2433 δημοσία,
1167 2397 1245 2423 cett.
1399 2401 1438 2430 27
1463 2392 1502 2423 τὸ

175 2437 382 2474 δικαστήριον
398 2438 428 2468 Α
442 2438 466 2468 F

1549 140 1655 195 [716]

1549 395 1566 431 υἱ

1573 396 1591 419 Ν

1641 448 1652 501 =.-;

1566 459 1589 497 q

1595 462 1609 488 Η

1613 460 1633 498 Nl

1550 797 1592 833 53

1547 1579 1590 1616 54

1541 1944 1582 1980 55
