1737 2734
744 491 867 529 XXII

265 613 402 660 KAT’
444 614 884 661 ΑΝΔΡΟΤΙΩΝΟΣ
935 619 1340 661 ΠΑΡΑΝΟΜΩΝ

581 750 775 777 ΛῙΒΑΝΙΟὙ·
805 749 1023 778 ΎΠΟΘΕΣΙΣ.

190 821 260 860 Δύ’
289 822 388 871 ἦσαν
418 826 456 860 ἐν
484 821 657 871 Ἀθήναις
685 823 837 870 βουλαί,
868 824 891 871 ἡ
920 824 987 871 μὲν
1017 822 1193 871 διηνεκής,
1220 823 1243 871 ἡ
1274 825 1311 861 ἐν
1338 822 1469 876 Ἀρείῳ

134 878 241 929 πάγῳ
262 878 348 927 περί
364 895 404 915 τε
425 878 547 925 φόνων
568 878 744 915 ἑκουσίων
765 877 823 913 καὶ
851 878 1068 926 τραυμάτων
1090 878 1149 914 καὶ
1171 877 1344 915 τοιούτων
1362 882 1469 917 τινῶν

134 931 346 977 δικάζουσα,
379 932 483 980 ἑτέρα
517 930 546 969 δ’
579 933 602 980 ἡ
636 932 681 969 τὰ
715 932 891 968 πολιτικὰ
923 932 1152 980 πράττουσω
1195 932 1286 980 αὕτη
1320 931 1356 969 δὲ
1391 932 1468 971 κατ’

133 987 297 1024 ἐνιαυτὸν
317 987 506 1035 ἠμείβετο,
530 989 568 1023 ἐκ
589 985 843 1023 πεντακοσίων
871 985 1010 1034 ἀνδρῶν
1035 989 1106 1023 τῶν
1133 986 1200 1034 τὴν
1219 987 1468 1036 βουλευτικὴν

95 1055 112 1086 5
133 1041 280 1088 ἡλικίαν
300 1041 464 1092 ἀγόντων
484 1040 748 1089 συνισταμένη.
809 1040 920 1088 νόμος
940 1038 969 1077 δ’
988 1039 1033 1088 ἦν
1054 1041 1254 1078 ἐπιτάττων
1273 1042 1320 1090 τῇ
1338 1041 1467 1092 βουλῇ

131 1096 246 1144 ταύτῃ
272 1095 459 1132 ποιεῖσθαι
485 1095 641 1143 τριήρεις
671 1095 807 1139 καινάς,
836 1095 898 1132 ἐὰν
925 1093 963 1132 δὲ
991 1094 1043 1143 μὴ
1072 1095 1287 1144 ποιήσηται,
1317 1096 1467 1134 κωλύων

132 1149 246 1198 αὐτὴν
265 1151 378 1187 αι’τεῖν
396 1150 495 1198 παρὰ
521 1151 586 1186 τοῦ
612 1149 730 1198 δήμου
759 1148 906 1197 δωρεάν.
966 1151 1029 1186 νῦν
1053 1150 1175 1186 τοίνυν
1201 1150 1224 1197 ἡ
1250 1151 1318 1197 μὲν
1338 1150 1466 1199 βουλὴ

131 1205 195 1243 τὰς
214 1204 370 1253 τριήρεις
390 1206 456 1241 οὐκ
477 1204 690 1252 ἐποιήσατο,
712 1202 935 1252 Ἀνδροτίων
955 1203 992 1240 δὲ
1019 1203 1208 1255 γέγραφεν
1230 1207 1266 1241 ἐν
1291 1206 1342 1254 τῷ
1362 1204 1465 1256 δήμῳ

131 1259 314 1307 ψήφισμα
340 1261 581 1306 στεφανῶσαι
606 1257 674 1306 τὴν
700 1258 860 1307 βουλήν.
920 1257 980 1295 ἐπὶ
1005 1259 1121 1308 τούτῳ
1148 1258 1370 1307 παρανόμων
1390 1260 1464 1308 κρί-

74 1329 112 1349 10
131 1329 241 1357 νεται,
256 1314 556 1364 κατηγορούντων
572 1314 682 1349 αὐτοῦ
700 1312 755 1350 δύ’
772 1312 924 1362 ἐχθρῶν,
938 1313 1176 1361 Εὐκτήμονος
1192 1312 1251 1350 καὶ
1265 1312 1463 1362 Διοδώρου.

133 1367 192 1404 καὶ
211 1367 406 1416 προείρηκε
424 1369 492 1416 μὲν
518 1368 538 1404 ὃ
564 1368 780 1416 Εὐκτήμων,
803 1367 967 1416 δεύτερος
988 1365 1018 1404 δ’
1038 1368 1058 1404 ὁ
1078 1367 1262 1416 Διόδωρος
1286 1369 1464 1418 ἐπαγωνί-

131 1422 230 1466 ζεται
249 1423 364 1472 τούτῳ
384 1424 434 1472 τῷ
454 1421 566 1473 λόγῳ.
625 1422 724 1469 φασὶ
752 1420 782 1458 δ’
811 1423 846 1459 οἱ
872 1422 1072 1473 κατήγοροι
1093 1425 1238 1470 πρῶτον
1260 1423 1329 1470 μὲν
1349 1424 1462 1471 ἀπρο-
1494 1432 1514 1457 2

130 1476 338 1523 βούλευτον
360 1476 449 1514 εἶναι
469 1477 511 1513 τὸ
532 1476 715 1525 ψήφισμα
735 1475 868 1525 (νόμου
888 1477 961 1527 γὰρ
983 1477 1194 1516 κελεύοντος
1213 1476 1265 1525 μὴ
1285 1477 1464 1525 πρότερον

132 1531 181 1569 εἷς
198 1531 263 1568 τὸν
282 1530 398 1579 δῆμον
419 1528 586 1579 ψήφισμ’
607 1531 785 1579 ἐκφέρειν,
808 1530 893 1579 πρὶν
920 1533 958 1567 ἐν
980 1532 1028 1580 τῇ
1053 1531 1181 1581 βουλῇ
1207 1530 1461 1578 ὃοκιμασθείη,

74 1599 108 1620 1·
94 1610 110 1629 -,
130 1585 194 1622 τὸν
208 1583 451 1633 Ανδροτιωνα
466 1587 568 1633 παρὰ
580 1587 709 1622 τοῦτον
721 1585 785 1622 τὸν
798 1585 911 1634 νόμον
925 1585 1231 1633 ἀπροβούλευτον
1244 1587 1462 1636 εἰσενεγκεῖν

129 1638 198 1686 τὴν
216 1639 394 1691 γνώμην),
417 1639 583 1688 δεύτερον
603 1637 632 1676 δ’
647 1639 863 1677 ὑπεναντίον
880 1639 1003 1676 ἐκείνω
1019 1641 1071 1690 τῷ
1091 1639 1188 1690 νόμῳ
1203 1641 1255 1691 τῷ
1275 1641 1461 1677 κελεύοντι

129 1692 181 1741 μὴ
210 1710 467 1742 ποιησαμενην
494 1694 561 1742 τὴν
589 1694 736 1742 βουλην
761 1694 827 1733 τὰς
852 1694 1009 1742 τριήρεις
1033 1693 1086 1742 μὴ
1113 1695 1226 1731 αἰτεῖν
1251 1693 1397 1742 δωρεαν·
1431 1696 1461 1730 εἷ

129 1748 201 1798 γὰρ
224 1749 336 1786 αἰτεῖν
362 1749 427 1785 οὐκ
458 1748 590 1793 ἔξεστι,
619 1747 733 1796 δῆλον
758 1749 804 1786 ὡς
831 1747 913 1785 οὐδὲ
941 1748 983 1785 τὸ
1013 1747 1137 1785 δοῦναι
1165 1749 1457 1799 συγκεχώρηται.
1492 1745 1604 1799 [588]

129 1802 280 1842 τούτους
298 1805 366 1851 μὲν
387 1804 435 1842 εἷς
454 1803 496 1839 τὸ
516 1805 670 1853 πρᾶγμα
695 1818 779 1841 τοις
806 1802 949 1850 νόμους·
979 1803 1204 1852 παρέχονται
1225 1802 1262 1840 δὲ
1287 1803 1347 1840 καὶ
1369 1803 1460 1840 κατὰ

71 1869 111 1890 20
129 1857 195 1893 τοῦ
214 1857 417 1905 προσώπου
444 1856 518 1900 δύο,
539 1857 603 1893 τὸν
629 1858 693 1904 τῆς
720 1857 939 1905 εταιρήσεως
967 1856 1027 1893 καὶ
1050 1857 1114 1894 τὸν
1140 1859 1211 1894 τῶν
1232 1857 1459 1905 ὀφειλόντων

129 1912 180 1961 τῷ
206 1909 384 1961 δημοσίω,
407 1911 465 1947 καὶ
492 1911 590 1958 φασι
616 1911 679 1948 τὸν
704 1909 949 1959 Ἀνδροτίωνα
976 1909 1053 1948 κατ’
1073 1911 1306 1960 ἀμφοτερους
1330 1912 1460 1960 ἄτιμον

131 1963 231 2002 εἶναι·
278 1965 338 2002 καὶ
370 1966 443 2015 γὰρ
475 1964 749 2013 πεπορνεῦσθαι
781 1964 840 2002 καὶ
872 1965 979 2015 χρέος
1012 1967 1182 2016 πατρῷον
1216 1966 1381 2014 ὀφείλειν
1414 1967 1460 2014 τῇ

128 2018 249 2056 πόλει.

608 2099 732 2126 ΕΤΕΡΑ
763 2098 979 2127 ΎΠΟΘΕΣΙΣ.

71 2185 108 2216 25
184 2173 370 2222 Διάφοροι
389 2171 474 2222 παρ’
494 2171 701 2221 Ἀθηναίοις
717 2174 884 2223 ὑπῆρχον
904 2173 1026 2223 ἀρχαί,
1049 2172 1096 2210 ὧν
1116 2174 1153 2210 αἶ
1172 2175 1240 2222 μὲν
1261 2174 1458 2222 κληρωταί,

129 2229 167 2265 αἱ
198 2227 235 2265 δὲ
266 2228 529 2278 χειροτονηταί,
560 2228 597 2264 αἱ
626 2227 664 2265 δὲ
696 2228 845 2275 αἱρεταί.
904 2227 962 2264 καὶ
992 2228 1177 2276 κληρωταὶ
1205 2229 1272 2276 μὲν
1301 2230 1338 2265 αἶ
1369 2230 1460 2266 κατὰ

131 2284 269 2331 κλῆρον
294 2283 494 2333 γινόμεναι,
516 2283 562 2321 ὡς
589 2283 626 2318 αἱ
650 2284 722 2319 τῶν
748 2281 942 2326 δικαστῶν,
961 2283 1217 2332 χειροτονηταὶ
1242 2282 1279 2319 δὲ
1304 2285 1340 2320 αἱ
1368 2284 1460 2320 κατὰ

172 2383 407 2458 ἔάτραυμάτων
424 2383 540 2414 Wolf:
564 2384 761 2425 πραγμάτων
777 2383 874 2414 codd.
989 2385 1010 2414 6
1035 2384 1167 2416 κωλύων
1182 2384 1302 2416 Wolf:
1325 2386 1460 2418 κωλύειν

129 2438 170 2458 co
218 2451 226 2459 .
