1737 2734
81 128 197 183 [633]

87 1361 187 1415 634]

653 129 1139 168 ΔΗΜΟΣΘΕΝΟὙΣ
1429 126 1553 181 [xxm

227 232 348 283 αὐτὴν
380 234 477 284 ὑπὲρ
509 233 627 272 αὐτοῦ
659 234 769 282 δίκην
803 232 970 273 δέδωκεν
1002 233 1126 284 ἥνπερ
1160 232 1208 273 ἂν
1240 233 1309 274 τὸν
1341 233 1550 282 Ἀθηναῖον

228 300 372 355 κτείνῃ.
431 303 498 339 τόν
524 301 598 350 γὰρ
617 298 775 351 φυγάδα
799 299 844 338 τὸ
869 301 937 349 τῆς
963 300 1116 341 πόλεως
1142 299 1185 339 οὐ
1211 300 1393 351 προσεῖπ’
1413 303 1550 350 ὄνομα,

226 365 271 416 ἧς
306 367 374 406 οὐκ
411 367 497 406 ἔστι
535 367 730 415 ματουσία
768 366 882 420 αὐτῷ,
921 366 1028 406 ἀλλὰ
1063 366 1107 406 τὸ
1145 369 1212 406 τοῦ
1248 365 1488 418 πράγματος,
1526 364 1555 420 ᾧ

227 432 472 481 κατέστησεν
504 432 623 472 αὑτὸν
656 433 803 473 ἐκεῖνος
836 432 991 484 ἔνοχον·
1043 434 1105 472 καὶ
1142 435 1205 472 διὰ
1240 432 1346 472 ταῦτ’
1385 433 1459 472 (ἄν
1494 449 1552 473 τις

226 499 437 554 ἀποκτείνῃ
455 497 464 511 ’
494 498 596 550 φησὶ
623 502 631 515 ‘
648 498 716 538 τὸν
747 498 1022 550 ἀνδροφόνονῖ
1093 498 1162 539 εἶτ’
1189 499 1308 539 εἰπὼν
1338 500 1391 539 ὧν
1421 500 1547 550 εἷργό-
1571 518 1589 550 5

224 582 356 614 μενον,
379 566 442 604 ἐπὶ
461 568 513 618 τῷ
540 564 611 614 τὴν
630 566 819 616 τιμωρίαν
839 567 1010 614 νομίμως
1036 566 1228 605 ἐπιθεῖναι
1248 565 1291 605 τὸ
1310 567 1378 615 τῆς
1398 566 1551 606 πόλεως

225 631 334 681 ὄνομ’
371 631 590 681 ὠνόμασεν,
632 635 737 672 ίτοῖς
774 631 904 673 αὐτοῖς
941 631 1142 684 ἐνεχέσθω
1183 631 1358 683 καθάπερ
1397 631 1445 672 ἂν
1482 631 1551 672 τὸν

224 697 435 747 Ἀθηναῖον
469 697 706 753 ἁποκτείνῃ’
740 697 912 749 γράψας,
949 699 1156 747 ἀνομοίως,
1193 696 1221 737 ὦ
1258 699 1394 749 ἄνδρες
1431 697 1547 746 Ἀθη-

223 767 338 808 ναῖοι,
365 768 417 818 τῷ
437 765 543 804 τουτὶ
563 764 607 804 τὸ
623 763 803 815 ψήφισμ’
825 765 1007 815 εἰρηκότι.
1069 766 1193 804 καίτοι
1214 768 1293 806 πῶς
1314 764 1402 816 οὐχὶ
1422 764 1550 804 δεινὸν

222 831 267 876 εἰ,
290 831 346 871 οἷς
373 831 392 869 ὁ
419 831 536 880 νόμος
563 832 741 875 δέδωκεν,
765 831 833 870 ἐὰν
853 831 906 870 ὧν
927 829 1037 870 εἶπον
1064 833 1282 882 εἴργωνται,
1309 830 1392 881 μετ’
1413 831 1547 882 ἀσφα-
1574 850 1610 871 10

218 898 330 938 λείας
358 897 426 946 ζῆν
447 898 678 949 φεύγουσιν,
706 897 865 938 τούτους
891 897 1072 939 ἐκδότους
1097 914 1154 939 τις
1181 897 1280 937 εἶναι
1305 896 1464 949 γράφει,
1487 899 1549 937 καὶ

219 964 446 1014 ἀφαιρεῖται
478 964 522 1002 τὸ
554 965 622 1012 τῆς
657 964 894 1015 συγγνώμης
925 963 1142 1015 ὠφέλιμον,
1171 963 1192 1003 ὃ
1217 968 1297 1005 τοῖς
1333 964 1549 1017 ἀτυχοῦσιν

218 1029 409 1082 ὑπάρχειν
435 1030 536 1071 εἰκὸς
562 1032 666 1081 παρὰ
696 1033 772 1070 τῶν
803 1029 878 1080 ἔξω
909 1033 987 1070 τῶν
1017 1030 1276 1082 ἐγκλημάτων
1308 1032 1444 1076 ὄντων,
1471 1032 1547 1083 ὅτῳ

219 1099 312 1136 ποτὲ
349 1100 425 1136 τῶν
460 1096 618 1136 πάντων
652 1097 857 1136 ἀπόκειται
890 1097 1036 1146 ἄδηλον
1069 1099 1127 1142 ὅν,
1163 1096 1215 1148 μὴ
1251 1095 1448 1148 προδήλου
1480 1099 1548 1146 τῆς

219 1164 407 1213 ἐπιούσης
436 1163 558 1216 τύχης
591 1163 711 1212 οὔσης
742 1162 915 1217 ἑκάστῳ;
956 1165 1016 1203 καὶ
1047 1163 1131 1203 νυνὶ
1161 1163 1229 1203 τὸν
1261 1164 1547 1203 ἀποκτείναντα
1572 1181 1607 1211 15

219 1231 458 1281 Χαρίδημον,
495 1232 617 1271 ὅντως
653 1230 701 1269 ἂν
738 1229 812 1280 ἄρα
847 1233 961 1269 τοῦτο
998 1229 1171 1281 γένηται,
1208 1229 1255 1269 ἂν
1290 1230 1543 1270 ἀνταποκτεί-

219 1298 324 1336 νωσί
355 1313 458 1338 τινες
494 1297 693 1346 λαβόντες
719 1296 892 1342 ἔκδοτον,
922 1298 1148 1348 πεφευγότα
1174 1297 1236 1336 καὶ
1261 1301 1339 1336 τῶν
1371 1298 1546 1347 νομίμων

219 1364 459 1415 εἰργόμενον,
488 1363 622 1416 ἔνοχοι
654 1365 726 1413 μὲν
752 1362 862 1403 αὐτοὶ
892 1367 976 1404 ταῖς
1003 1367 1184 1415 φονικαῖς
1216 1364 1339 1404 δίκαις
1369 1363 1542 1408 ἔσονται,

218 1430 357 1482 ἔνοχος
390 1432 430 1469 δὲ
463 1431 525 1469 σύ·
564 1431 626 1470 καὶ
661 1432 735 1481 γὰρ
763 1430 836 1469 ’ἄν
869 1446 927 1471 τις
961 1432 1084 1471 αἴτιος
1116 1428 1163 1486 ²77'
1198 1429 1433 1481 γέγραπται,
1461 1431 1546 1469 ἔσει

217 1495 250 1536 δ’
268 1497 389 1538 αἴτιος
408 1496 479 1546 τὴν
499 1498 561 1536 διὰ
581 1500 648 1536 τοῦ
664 1498 930 1548 ψηφίσματος
948 1495 1132 1546 ἐξουσίαν
1153 1497 1341 1537 δεδωκώς.
1405 1496 1545 1536 οὐκοῦν
1568 1513 1606 1535 20

217 1564 249 1603 εἰ
274 1565 346 1613 μὲν
372 1562 545 1613 ἐάσομεν
571 1564 669 1613 ὑμᾶς
693 1563 840 1603 τούτων
868 1563 1123 1613 συμβάντων,
1152 1563 1195 1602 οὐ
1223 1566 1405 1614 καθαροῖς
1431 1563 1545 1602 οὖσιν

216 1630 312 1679 ὁμοῦ
352 1631 625 1681 διατρίψομειν
681 1631 713 1670 εἰ
756 1629 788 1669 δ’
828 1629 1023 1680 ἐπέξιμεν,
1065 1631 1124 1671 οἷς
1168 1631 1394 1681 ἐγνώκαμεν
1437 1629 1545 1669 αὐτοὶ

215 1697 403 1737 τάναντία
428 1696 612 1748 πράττειν
639 1697 1042 1748 ἀναγκασθησόμεθα.
1114 1696 1190 1747 ἆρά
1220 1713 1264 1748 γε
1290 1695 1426 1748 μικρὸν
1452 1693 1474 1745 ἢ
1501 1696 1545 1735 τὸ

215 1764 336 1815 τυχόν
362 1765 473 1803 ἐστιν
498 1765 595 1815 ὑπὲρ
619 1763 663 1802 οὗ
691 1766 751 1803 δεῖ
772 1766 894 1803 λῦσαι
918 1764 963 1803 τὸ
988 1762 1168 1815 ψήφισμ’
1197 1764 1313 1814 ὑμᾶς;

283 1829 385 1881 Λέγε
412 1830 456 1879 δὴ
482 1830 551 1870 τὸν
575 1832 674 1880 μετὰ
699 1833 819 1870 ταῦτα
844 1831 978 1880 νόμον.
1568 1852 1604 1882 25

260 1951 278 1970 2
303 1942 338 1972 οὐ
355 1942 393 1972 τὸ
410 1942 466 1977 τῆς
484 1939 608 1971 πόλεως
626 1942 810 1977 προσειπεῖν
828 1939 858 1969 Α
1033 1949 1051 1977 3
1077 1941 1160 1979 αὐτῷ
1177 1939 1333 1975 μετουσία
1350 1939 1433 1968 coni.
1452 1938 1544 1968 Weil

215 1995 233 2022 5
271 1983 328 2015 εἶτ’
359 1983 469 2022 εἰπὼν]
502 1984 639 2014 ἐπειπὼν
668 1983 777 2013 SYO
957 1983 977 2012 8
1013 1989 1090 2022 post
1116 1983 1241 2023 ’γράψας
1271 1982 1424 2012 distinxit
1454 1981 1544 2012 Weil

216 2027 360 2065 ἀνόμοιος
379 2028 421 2058 ὢν
438 2026 468 2056 Α
483 2026 516 2058 F.
539 2026 578 2056 cf.
598 2027 676 2056 xxiv
697 2036 756 2064 103
917 2035 955 2056 10
980 2026 1067 2058 εἶπεν
1087 2026 1152 2056 FO
1310 2035 1342 2055 ΙΙ
1370 2025 1546 2065 φεύγουσιν

215 2070 346 2101 Cobet:
372 2073 510 2110 φυγοῦσι
528 2071 626 2101 codd.
790 2079 825 2107 14
852 2069 887 2101 ὄν
905 2079 969 2100 om.
990 2070 1014 2100 S
1031 2070 1126 2100 solus
1292 2078 1394 2107 14-15
1418 2069 1486 2107 μὴ.
1510 2092 1516 2099 .
1538 2091 1544 2097 .

215 2113 342 2153 ἑκάστῳ
359 2113 438 2144 secl.
459 2114 577 2145 Cobet.
601 2114 673 2143 sort.
696 2118 786 2143 recte
918 2123 955 2151 19
981 2114 1039 2154 ἔσῃ
1059 2113 1082 2143 S
1100 2113 1187 2151 vulg.
1317 2122 1358 2142 20
1383 2109 1544 2152 ἐξουσίαν]

214 2158 320 2188 αἰτίαν
337 2157 361 2186 F
495 2167 535 2186 22
561 2158 827 2195 συνδιατρὶψομεν
845 2155 875 2185 Α
890 2156 914 2186 F
1005 2158 1150 2196 ἐπέξιμεν
1171 2158 1192 2185 ὃ
1207 2155 1234 2185 Α
1248 2156 1276 2185 Y
1294 2155 1323 2186 O
1340 2167 1345 2186 1
1373 2156 1544 2195 ἐπεξίωμεν

216 2199 261 2231 Β;
289 2200 452 2240 ἐπεξίομεν
471 2199 516 2230 F:
543 2200 719 2240 ἐπεξίωμεν
738 2199 840 2230 Paris.
863 2200 958 2239 2998,
979 2199 1016 2231 cf.
1037 2200 1117 2230 xviii
1134 2208 1176 2237 32
