1737 2734
145 153 256 209 [748]

716 157 1199 195 ΔΗΜΟΣΘΕΝΟΎΣ
1502 154 1617 208 [xx1v

191 267 256 310 156
288 259 376 309 μηδ’
397 261 552 300 ἀναιδὲς
577 262 698 309 μηδὲν
720 259 940 312 εἰργάσθαι.
1004 260 1115 311 εὗρεν
1135 260 1202 300 οὖν
1222 260 1325 300 τοῦθ’
1345 259 1366 300 ὃ
1392 262 1615 311 πεποίηκεν,

137 593 251 646 [749]

189 673 250 708 157

184 1399 247 1443 158

182 1737 246 1772 159

287 327 393 380 νόμῳ
423 326 512 367 τοὺς
541 327 683 375 νόμους
718 330 950 372 καταλῦσαι,
987 328 1051 366 ἵνα
1079 326 1306 376 τάδικήματ’
1333 326 1450 366 αὐτοῦ
1477 328 1522 368 τὸ
1549 332 1618 378 τῆς

287 393 481 443 σωτηρίας
515 392 625 442 ὄνομ’
658 392 743 448 ἔχῃ.
817 394 856 432 οἵ
885 410 926 433 τε
958 395 1033 445 γὰρ
1065 391 1253 447 σῴζοντες
1283 393 1352 442 τὴν
1386 394 1504 433 πόλιν
1538 396 1616 435 εἰσὶ

285 460 412 508 νόμοι,
439 460 483 498 ὄν
510 458 543 498 θ’
570 459 684 500 οὗτος
710 459 848 509 ἔθηκεν
875 459 987 499 οὐδὲν
1015 461 1177 501 ἐκείνοις
1203 463 1281 499 τῶν
1305 460 1432 499 αὐτῶν
1458 460 1613 512 ἔχοντα,

285 526 415 575 νόμος.
475 525 546 575 τὴν
570 527 643 575 μὲν
664 525 732 565 οὖν
751 530 819 564 τοῦ
838 527 1030 576 ὀνόματος
1054 527 1370 576 φιλανθρωπίαν,
1391 528 1451 565 ὅτι
1471 528 1614 576 ταύτην

283 591 331 631 ἂν
350 591 526 641 μάλιστα
546 594 774 643 προσεῖσθε,
801 595 988 632 κατεῖδεν·
1028 592 1100 641 τὴν
1121 594 1162 632 δὲ
1184 594 1333 645 χρείαν,
1356 593 1416 631 ὅτι
1436 593 1613 633 τάναντί’

284 658 434 711 ἔχουσα
460 658 697 709 φανήσεται,
726 662 920 710 παρεῖδεν.
997 658 1093 710 φέρε
1130 660 1202 710 γὰρ
1236 659 1330 709 πρὸς
1366 660 1476 704 Διός,
1504 659 1614 700 ἔστιν

282 725 393 766 ὅστις
418 725 466 764 ἂν
491 721 513 774 ἢ
539 726 728 776 πρόεδρός
753 725 838 765 ποτ’
861 724 1119 776 ἐπεψήφισεν
1146 722 1168 774 ἦ
1194 726 1378 776 πρύτανις
1403 726 1552 765 τούτων
1577 743 1614 766 τι

282 795 360 830 τῶν
393 792 435 831 ἐν
466 795 519 845 τῷ
552 792 657 845 νόμῳ
692 791 994 843 γεγραμμένων;
1036 793 1113 842 ἐγὼ
1146 794 1218 842 μὲν
1253 791 1376 831 οὐδέν’
1411 791 1458 831 ἂν
1493 792 1611 842 οἶμαι.

283 861 364 899 πῶς
384 858 452 897 οὖν
467 857 571 898 τοῦθ’
588 857 726 904 ὑπέδυ,·
762 859 881 908 νόμον
899 857 999 898 ἔθετ’
1019 860 1144 908 ὄνομα
1160 861 1241 899 τοῖς
1262 859 1378 898 αὑτοῦ
1399 858 1610 911 κακουργή-

279 941 414 975 μασιν.
487 925 531 964 οὐ
563 926 638 976 γὰρ
672 926 820 970 ἁπλῶς,
855 924 936 964 οὐδ’
968 926 1075 965 ὅπως
1109 925 1262 977 ἔτι-χον,
1296 928 1455 964 ποιοῖσι
1489 929 1613 967 κακῶς

280 992 390 1041 ὑμᾶς,
414 991 504 1031 ἀλλ’
526 991 776 1041 ἐσκεμμένως
803 992 866 1031 καὶ
891 991 993 1031 τοῦτ’
1015 991 1107 1031 αὐτὸ
1134 991 1383 1042 πράττοντες,
1407 991 1480 1044 οὐχ
1507 992 1613 1032 οὗτοι

280 1059 415 1108 μόνον,
443 1059 548 1098 ἀλλὰ
576 1059 719 1098 πολλοὶ
745 1062 822 1098 τῶν
844 1057 1174 1108 πολιτευομένων,
1197 1058 1232 1097 οἳ
1258 1058 1379 1111 τούτῳ
1406 1059 1612 1109 παριόντες

281 1125 418 1164 αὐτίκα
454 1125 499 1174 δὴ
536 1124 644 1174 μάλα
682 1123 1097 1176 συναπολογήσονται,
1136 1124 1180 1164 οὗ
1216 1126 1269 1174 μὰ
1308 1124 1375 1164 Δί’
1410 1125 1454 1164 οὐ
1487 1128 1608 1175 Τιμο-

282 1190 412 1242 κράτει
432 1193 679 1244 χαρίσασθαι
704 1192 956 1241 βουλόμενοι,
980 1192 1121 1235 πόθεν,·
1161 1190 1252 1231 ἀλλ’
1270 1193 1370 1245 αὐτῷ
1393 1191 1610 1243 συμφέρειν
1653 1208 1667 1237 5

281 1260 448 1299 ἕκαστος
473 1258 689 1309 ἡγούμενος
715 1258 783 1298 τὸν
810 1259 940 1308 νόμον.
1013 1258 1148 1309 ὥσπερ
1175 1258 1306 1298 τοίνυν
1331 1258 1438 1298 οὗτοι
1464 1259 1609 1310 σφίσιν

280 1324 411 1366 αὐτοῖς
440 1328 663 1374 βοηθοῦσιν
695 1325 759 1377 ἐφ’
786 1326 898 1374 ὑμᾶς,
925 1326 1023 1364 οὕτω
1054 1327 1113 1364 δεῖ
1141 1325 1202 1364 καὶ
1232 1326 1329 1374 ὑμᾶς
1358 1325 1448 1374 ὑμῖν
1478 1326 1610 1366 αὐτοῖς

278 1393 458 1441 βοηθεῖν.
520 1392 643 1431 καίτοι
664 1392 937 1443 ἀνερωτῶντός
958 1408 1062 1432 τινος
1084 1391 1200 1431 αὐτὸν
1220 1392 1312 1431 ὅτου
1333 1392 1445 1431 ἕνεκα
1463 1392 1608 1431 τοιαῦτ’

277 1457 453 1508 ἠθέλησε
491 1457 672 1510 γράφειν,
714 1460 775 1498 καὶ
818 1458 1031 1508 διεξιόντος
1074 1458 1124 1500 ὡς
1166 1457 1345 1510 χαλεπὸν
1382 1458 1450 1498 τὸν
1489 1458 1607 1510 ἀγῶν’

278 1525 557 1575 ὑπολαμβάνοι
573 1526 697 1570 τόνδε,
716 1528 970 1576 τετυφῶσθαι
986 1525 1053 1565 τὸν
1069 1529 1189 1564 ταῦτα
1205 1524 1359 1576 λέγοντ’
1377 1525 1467 1577 ἔφη·
1506 1542 1602 1575 συμ-

277 1591 526 1643 παρέσεσθαι
561 1594 636 1644 γὰρ
673 1591 924 1643 Ἀνδροτίων’
961 1594 1096 1647 ἑαυτῷ,
1137 1593 1199 1632 καὶ
1232 1592 1428 1633 τοιούτους
1461 1592 1606 1644 λόγους

278 1658 434 1711 σχολὴν
465 1658 598 1710 ἄγοντ’
629 1658 824 1711 ἐσκέφθαι
855 1659 942 1710 περὶ
979 1659 1138 1699 πάντων
1168 1659 1263 1698 ὥστ’
1295 1659 1336 1699 εὖ
1369 1658 1513 1699 εἰδέναι
1545 1660 1604 1698 ὅτι

278 1725 391 1766 οὐδὲν
417 1726 519 1780 αὐτῷ
541 1725 751 1778 γενήσοιτο
771 1730 951 1778 φλαῦρον
978 1727 1054 1766 ἀπὸ
1080 1729 1146 1776 τῆς
1167 1728 1322 1778 γραφῆς
1347 1729 1482 1776 τῆσδε.
1543 1727 1605 1765 καὶ

277 1793 375 1841 δῆτα
396 1793 457 1832 καὶ
474 1793 697 1843 τεθαύμακα
714 1793 785 1842 τὴν
802 1794 1088 1846 ἀναισχυντίαν
1104 1793 1175 1843 τὴν
1192 1793 1330 1833 τούτου
1349 1810 1390 1833 τε
1412 1793 1601 1838 κάκείνου,

276 1862 345 1898 τοῦ
369 1859 454 1909 μέν,
484 1861 516 1900 εἷ
543 1863 666 1905 καλεῖ,
695 1863 761 1900 τοῦ
793 1860 848 1906 δέ,
876 1862 909 1900 εἰ
937 1860 1096 1912 πάρεισι
1126 1860 1188 1900 καὶ
1215 1858 1601 1911 συναπολογήσεται.

276 1928 467 1978 μαρτυρία
496 1929 571 1978 γὰρ
602 1925 725 1976 δήπου
751 1929 905 1979 φανερὰ
934 1926 1146 1979 γενήσεται
1176 1930 1297 1967 πᾶσιν
1327 1928 1416 1977 ὑμῖν
1446 1927 1505 1966 ὅτι
1536 1930 1603 1966 τὸν

277 1993 402 2044 νόμον
433 1995 572 2034 τούτου
606 1994 704 2034 ἕνεκ’
738 1996 870 2040 ἐτίθει,
907 1994 998 2034 ἀλλ’
1032 1994 1098 2033 οὐκ
1137 1994 1201 2034 ἐπὶ
1236 1997 1335 2034 πᾶσι
1370 1993 1438 2033 τὸν
1472 1993 1600 2033 αὐτόν.

321 2114 340 2134 2
364 2106 543 2136 καταλῦσαι
563 2103 586 2134 S
604 2104 644 2134 al.
663 2117 668 2134 1
696 2106 791 2136 λίσαι
809 2103 837 2134 Α
854 2103 877 2133 F
890 2104 918 2133 Y
931 2104 961 2133 O
1124 2105 1144 2132 6
1168 2105 1227 2134 ἂν.
1251 2127 1258 2133 .
1279 2128 1284 2133 .
1303 2104 1474 2143 προσεῖσθε
1493 2102 1538 2131 F:
1564 2103 1601 2133 ἂν

278 2172 284 2177 .
345 2171 352 2178 .
381 2148 552 2188 προσίεσθε
583 2148 606 2177 S
634 2148 697 2178 aL:
738 2150 775 2179 ἂν
804 2172 809 2177 .
838 2173 843 2178 .
871 2171 876 2176 .
909 2148 1055 2187 προΐεσθε
1085 2146 1225 2176 AYO:
1258 2147 1295 2182 δὴ
1325 2171 1330 2176 .
1360 2171 1365 2176 .
1394 2171 1398 2176 .
1429 2146 1600 2185 προσίεσθε

279 2191 426 2222 Dindors
580 2202 613 2221 11
643 2192 764 2231 ἔτυχον
782 2190 804 2220 S
822 2202 828 2220 z
854 2191 952 2230 ἔτυχε
970 2196 1046 2221 cett.
1199 2199 1235 2218 12
1261 2188 1347 2220 οὗτοι
1365 2189 1481 2218 codd.:
1509 2187 1601 2220 οὗτος

277 2234 379 2273 weil,
400 2240 491 2265 recte
510 2242 590 2274 puto
700 2236 737 2264 18
761 2240 837 2265 ante
856 2235 958 2265 καίτοι
976 2234 1050 2264 add.
1069 2233 1098 2263 Α
1112 2233 1141 2263 Y
1155 2234 1184 2263 O
1203 2238 1235 2263 et
1254 2243 1368 2271 margo
1388 2232 1599 2270 Lessingiani

278 2277 347 2310 εἷπὲ
364 2279 473 2310 τοίνυν
490 2281 550 2309 ποῦ
568 2278 674 2319 λέγων
698 2280 880 2318 ἐρωτῶντος
899 2278 986 2309 τίνος
1010 2278 1103 2308 ἕνεκα
1137 2277 1154 2307 ί.
1171 2287 1199 2308 e.
1218 2282 1356 2306 auctore
1379 2275 1511 2305 Blassio
1532 2275 1599 2306 εἶπε

277 2322 385 2353 τοίνυν
412 2335 472 2352 που
501 2321 608 2362 λέγων
637 2321 817 2363 ἐρωτῶντός
846 2320 985 2362 (τινος).
1015 2321 1101 2352 τίνος
1130 2321 1262 2352 ε’ἴνεκαῖ.
1293 2319 1442 2349 confusis
1473 2318 1601 2348 duabus

276 2366 534 2395 recensionibus
661 2375 702 2395 20
726 2367 828 2396 ταῦτα
845 2374 909 2394 orn.
930 2364 959 2393 A
974 2363 1001 2393 Y
1015 2363 1045 2394 Ο
1168 2373 1210 2393 22
1235 2363 1365 2403 σχολὴν
1382 2367 1459 2392 ante
1477 2363 1600 2402 ἄγοντα

277 2408 323 2438 S:
353 2414 428 2448 post
447 2411 569 2448 ἄγοντα
587 2413 663 2439 cett.
800 2418 839 2445 24
865 2421 901 2438 τε
919 2417 983 2438 om.
1003 2407 1025 2436 S
1039 2407 1063 2436 L
1078 2407 1102 2436 F
1234 2416 1273 2444 27
1300 2406 1423 2437 τούτων
1440 2405 1470 2435 Α

1636 874 1674 896 10

1631 1539 1668 1561 20
