1737 2734
106 898 144 920 10

106 1235 143 1267 ¹5

107 1567 146 1589 20

156 170 227 224 xx]
547 171 708 210 ΠΡΟΣ
755 173 1092 210 AEHTINHN
1517 172 1632 227 [484]

155 278 332 320 δοθέντα.
405 279 468 318 καὶ
507 278 656 318 τούτων
695 276 853 318 πάντων
891 277 1004 317 οὐδὲν
1043 276 1130 317 ἔσθ’
1166 276 1358 329 ἡμέτερον
1395 278 1484 319 οὐδὲ
1516 286 1560 329 89

158 345 292 386 καινὸν
328 346 488 396 εὕρημα,
523 344 614 384 ἀλλ’
652 346 672 383 ὁ
708 344 890 390 παλαιός,
929 343 974 383 ὃν
1009 343 1122 385 οὗτος
1158 343 1328 394 παρέβη,
1366 347 1485 395 νόμος

157 414 257 453 οὕτω
291 411 442 452 κελεύει
474 414 714 462 νομοθετεῖν,
742 410 972 462 γράφεσθαι
1003 410 1088 461 μέν,
1116 410 1163 450 ἄν
1195 411 1255 452 τίς
1287 427 1376 451 τινα
1407 415 1486 451 τῶν

1456 478 1485 491 'x'

157 479 415 531 ὑπαρχόντων
441 479 570 528 νόμων
594 477 645 528 μὴ
673 481 801 519 καλῶς
826 477 934 530 ἔχειν
958 477 1113 529 ἡγῆται,
1141 477 1426 530 παρεισφέρειν
1452 493 1472 518 ο

159 545 276 587 αὐτὸν
302 545 440 591 ἄλλον,
468 543 512 584 ὃν
538 544 586 584 ἂν
610 548 698 601 τιθῇ
727 545 833 585 λύων
867 546 1030 590 ἐκεῖνον,
1058 545 1155 594 ὑμᾶς
1185 544 1217 584 δ’
1243 545 1486 587 ἀκούσαντες

159 612 326 653 ἑλέσθαι
349 611 417 652 τὸν
443 612 617 663 κρείττω.
678 612 723 651 οὐ
747 613 821 664 γὰρ
848 610 942 665 ᾤετο
967 614 1049 651 δεῖν
1075 612 1095 650 ὁ
1119 612 1273 658 Σόλων,
1301 612 1321 651 ὁ
1345 615 1486 652 τοῦτον
1517 626 1563 662 90

159 680 229 720 τὸν
247 679 394 731 τρόπον
413 677 640 730 προστάξας
660 681 898 728 νομοθετεῖν,
920 678 1009 720 τοὺς
1034 680 1106 728 μὲν
1131 678 1373 729 θεσμοθέτας
1397 679 1487 720 τοὺς

161 747 225 787 ἐπὶ
249 745 338 786 τοὺς
362 746 504 795 νόμους
530 744 818 797 κληρουμένους
843 744 900 786 δὶς
929 745 1241 796 δοκιμασθέντας
1266 745 1416 798 ἄρχειν,
1444 746 1487 786 ἔν

161 831 203 854 τε
222 813 268 869 τῇ
295 813 426 868 βουλῇ
452 812 513 852 καὶ
534 812 623 864 παρ’
643 813 732 862 ὑμῖν
754 813 796 852 ἐν
817 815 870 866 τῷ
897 813 1148 866 δικαστηρίῳ,
1170 812 1260 854 τοὺς
1285 814 1325 852 δὲ
1346 813 1488 863 νόμους

162 880 314 925 αὐτούς,
344 879 428 919 καθ’
455 879 520 920 οὓς
555 881 617 920 καὶ
650 879 803 920 τούτοις
833 879 971 931 ἄρχειν
1004 880 1067 919 καὶ
1101 882 1201 919 πᾶσι
1233 883 1316 920 τοῖς
1348 878 1488 921 ἄλλοις

162 947 444 988 πολιτεύεσθαι
477 945 682 998 προσήκει,
710 945 774 986 ἐπὶ
805 949 938 998 καιροῦ
967 945 1164 992 τεθέντας,
1192 947 1299 988 ὅπως
1332 946 1486 999 ἔτυχον,

162 1014 214 1066 μὴ
240 1013 548 1064 δοκιμασθέντας
574 1014 724 1065 κυρίους
744 1013 856 1053 εἶναι.
916 1013 978 1053 καὶ
1003 1011 1076 1065 γάρ
1096 1029 1158 1052 τοι
1175 1013 1264 1053 τότε
1287 1012 1372 1064 μέν,
1394 1012 1491 1054 τέως
1520 1030 1561 1064 91

162 1081 231 1122 τὸν
255 1081 402 1132 τρόπον
427 1084 564 1121 τοῦτον
591 1079 862 1131 ἐνομοθέτουν,
890 1084 971 1121 τοῖς
1003 1082 1076 1130 μὲν
1105 1078 1331 1132 ὑπάρχουσι
1359 1080 1492 1130 νόμοις

165 1150 353 1201 ἐχρῶντο,
383 1148 538 1190 καινοὺς
564 1147 596 1187 δ’
624 1147 691 1186 οὐκ
718 1147 915 1187 ἐτίθεσαν·
955 1146 1088 1196 ἐπειδὴ
1115 1149 1155 1186 δὲ
1181 1150 1259 1186 τῶν
1283 1152 1490 1186 πολιτευο-

162 1215 293 1266 μένων
318 1217 421 1257 τινὲς
450 1214 692 1265 δυνηθέντες,
722 1214 772 1255 ὡς
802 1214 880 1265 ἐγὼ
910 1212 1166 1264 πυνθάνομαι,
1196 1214 1493 1253 κατεσκεύασαν

164 1283 295 1324 αὐτοῖς
334 1280 480 1332 ἐξεῖναι
522 1283 763 1332 νομοθετεῖν,
803 1281 898 1320 ὅταν
933 1296 992 1321 τις
1030 1280 1229 1330 βούληται
1265 1280 1328 1320 καὶ
1365 1279 1410 1320 ὃν
1446 1279 1493 1319 ἂι·

163 1351 262 1405 τύχῃ
288 1349 445 1401 τρόπον,
472 1351 657 1388 τοσοῦτοι
690 1350 762 1398 μὲν
795 1349 831 1387 οἱ
865 1347 1036 1387 ἐναντίοι
1070 1348 1219 1399 σφίσιν
1251 1348 1381 1388 αὑτοῖς
1415 1347 1493 1386 εἰσὶ

164 1417 291 1467 νόμοι,
318 1416 422 1456 ὥστε
446 1414 702 1468 χειροτονεῖθ’
726 1415 835 1465 ὑμεῖς
860 1413 948 1455 τοὺς
978 1413 1233 1464 διαλέξοντας
1264 1414 1354 1454 τοὺς
1379 1414 1490 1453 ἔναι’-

164 1484 269 1524 τίους
289 1483 353 1523 ἐπὶ
373 1482 586 1533 πάμπολυν
606 1481 678 1532 ἤδη
705 1482 864 1534 χρόνον,
888 1481 950 1521 καὶ
969 1480 1014 1520 τὸ
1033 1480 1180 1533 πρᾶγμ’
1201 1480 1314 1520 οὐδὲν
1338 1482 1494 1531 μᾶλλον
1526 1465 1642 1521 [485]

165 1550 324 1590 δύναται
344 1549 465 1602 πέρας
482 1550 603 1602 ἔχειν·
634 1547 913 1600 ψηφισμάτων
933 1547 965 1587 δ’
986 1546 1065 1587 οὐδ’
1086 1547 1216 1587 ὁτιοῦν
1236 1546 1495 1598 διαφέρουσιν
1526 1532 1570 1567 9²

165 1619 202 1657 οἱ
236 1617 361 1667 νόμοι,
390 1617 496 1656 ἀλλὰ
530 1615 712 1667 νεώτεροι
743 1616 780 1655 οἱ
813 1615 938 1665 νόμοι,
968 1613 1052 1653 καθ’
1079 1614 1144 1654 οὓς
1174 1615 1222 1653 τὰ
1246 1614 1496 1666 ψηφίσματα

166 1686 228 1723 δεῖ
262 1683 502 1735 γράφεσθαι,
541 1686 619 1722 τῶν
657 1680 935 1734 ψηφισμάτων
975 1681 1102 1720 αὐτῶν
1140 1681 1230 1730 ὑμῖν
1269 1681 1384 1720 εἰσίν.
1446 1680 1495 1719 ἵν’

167 1750 236 1790 οὖν
267 1750 318 1801 μὴ
352 1751 476 1802 λόγον
509 1748 615 1801 λέγω
648 1749 783 1799 μόνον,
812 1748 919 1787 ἀλλὰ
953 1748 1015 1787 καὶ
1047 1747 1115 1787 τὸν
1147 1748 1269 1797 νόμον
1303 1746 1420 1787 αὐτὸν
1452 1747 1498 1786 ὅν

167 1822 270 1868 φημι
294 1815 421 1868 δείξω,
446 1815 553 1866 λαβέ
586 1833 653 1866 μοι
683 1816 753 1856 τὸν
783 1815 905 1865 νόμον
930 1813 1016 1854 καθ’
1042 1814 1087 1854 ὃν
1112 1813 1215 1864 ἦσαν
1245 1816 1281 1854 οἱ
1306 1814 1498 1866 πρότερον

167 1882 388 1934 νομοθέται.
458 1882 566 1935 λέγε.

217 2006 230 2025 1
262 1995 391 2027 πάντων
415 2005 479 2026 om.
510 1995 588 2034 Pap.
617 1994 666 2029 (ut
691 1993 851 2031 videturss,
875 1991 1016 2023 Aristid.
1045 1992 1109 2021 Rh.
1136 1992 1194 2021 Gr.
1219 1991 1253 2020 ix
1276 1999 1341 2029 353
1431 1990 1497 2021 ἔσθ’

168 2038 325 2080 ἡμέτερον
342 2038 413 2071 οὐδὲ
432 2040 539 2070 καινὸν
557 2039 676 2077 εὕρημα
694 2037 784 2068 Fox:
812 2039 903 2068 ἐστιν
921 2036 1003 2071 (ἔσθ’
1023 2035 1051 2065 Y
1065 2035 1113 2075 O)
1132 2034 1290 2075 ἡμέτερον
1308 2034 1416 2065 καινὸν
1433 2031 1498 2064 οὐδ’

170 2084 288 2124 εὕρημα
306 2082 329 2113 S
343 2082 368 2112 L
389 2083 468 2115 (οὐδ’
487 2082 618 2115 nunctis
643 2085 793 2111 notatum
819 2081 850 2110 in
875 2079 914 2119 L)
934 2079 964 2109 Y
978 2079 1008 2109 O
1025 2090 1031 2109 :
1065 2081 1158 2110 ἐστιν
1179 2077 1263 2116 (ἔσθ’
1282 2077 1323 2116 F)
1344 2077 1499 2117 ἡμέτερον

170 2127 277 2158 καινὸν
302 2127 420 2167 εὕρημα
437 2125 526 2155 AF:
557 2126 666 2157 καινὸν
688 2125 753 2155 οὐδ’
773 2125 891 2165 εὕρημα
913 2124 989 2161 ἐμὸν
1005 2122 1146 2152 Aristid.
1164 2132 1171 2151 ε
1204 2123 1276 2152 ἐστι
1300 2121 1410 2152 καινὸν
1433 2119 1498 2150 οὐδ’

169 2170 326 2210 ἡμέτερον
343 2171 461 2210 εὕρημα
476 2168 665 2198 Felicianus
681 2179 687 2197 :
711 2168 820 2199 καινὸν
837 2166 902 2198 οὐδ’
915 2165 1021 2206 εὕρημ’
1038 2165 1193 2204 ἡμέτερον
1208 2164 1307 2194 Blass
1396 2165 1417 2192 6
1433 2165 1500 2194 δεῖν

170 2217 248 2252 post
272 2213 351 2253 ᾤετο
375 2223 441 2243 om.
460 2212 483 2242 S
498 2211 664 2242 L¹AYO
682 2222 689 2240 :
720 2211 796 2241 add.
815 2209 883 2240 ΡΧ
1042 2210 1062 2238 8
1095 2209 1146 2240 ἐπὶ
1169 2211 1238 2240 τοῖς
1262 2207 1369 2247 νόμοις
1394 2216 1498 2244 marg.

172 2256 325 2286 Lambini
442 2266 480 2285 10
503 2257 582 2287 πᾶσι
599 2265 664 2285 om.
682 2254 713 2284 A
729 2264 736 2284 ε
760 2254 834 2284 add.
855 2253 879 2283 S
893 2253 918 2282 L
935 2252 1023 2290 vulg.
1046 2251 1126 2291 Pap.
1236 2261 1270 2280 11
1296 2252 1457 2292 προσῆκεν
1476 2249 1500 2279 F

172 2300 291 2340 ἔτυχον
307 2299 338 2329 Α
350 2299 380 2329 Y
393 2298 443 2329 O:
471 2299 589 2338 ἔτυχεν
610 2298 646 2328 S¹
662 2298 686 2327 L
700 2297 724 2327 F
739 2309 746 2328 ι
772 2298 871 2336 ἔτυχε
890 2296 921 2326 Χ
942 2295 1023 2334 Pap.
1121 2305 1159 2325 12
1183 2295 1262 2326 τέως
1281 2294 1379 2324 codd.
1395 2293 1475 2331 Pap.
1494 2304 1500 2322 :

172 2343 229 2375 ἕως
256 2342 404 2373 Dindors
424 2352 498 2372 eum
523 2342 686 2373 Priscian.
704 2341 785 2370 xviii
810 2342 874 2378 298
1052 2348 1095 2369 20
1126 2339 1217 2378 ἔχειν
1236 2336 1370 2368 S¹AF2
1404 2338 1500 2377 σχεῖν

173 2386 199 2416 L
215 2387 256 2417 al.
408 2396 446 2416 21
475 2384 639 2426 νεώτεροι]
658 2384 749 2415 varie
766 2383 994 2422 sollicitatum,
1015 2392 1044 2413 e.
1058 2392 1088 2420 g.
1111 2382 1331 2422 ἐναντιώτεροι
1351 2380 1496 2419 Lipsius-

172 2429 352 2471 ἇκυρότεροι
370 2429 480 2460 Cobet
495 2440 501 2458 :
527 2428 573 2459 nil
591 2429 790 2458 movendum
809 2432 889 2466 puto
1024 2436 1064 2463 24
1089 2425 1236 2466 πρότεροι
1254 2424 1284 2454 Α
