1737 2734
110 140 220 194 [534]

177 311 215 344 61

109 1772 217 1826 [535]

672 139 1157 177 ΔΗΜΟΣΘΕΝΟΎΣ
1490 134 1575 187 [xxx

253 241 367 281 ὤκνει
403 243 470 290 τῆς
503 242 718 293 ἀσελγείας
750 242 893 291 ταύτης
918 241 1101 294 αὐτόχειρ
1126 243 1298 293 ὀφθῆναι
1331 242 1577 294 γιγνόμενος.

253 308 393 348 οὔκουν
431 309 573 353 δεινόν,
601 306 630 347 ὦ
669 308 807 359 ἄνδρες
848 310 1043 354 δικασταί,
1073 309 1134 348 καὶ
1168 307 1359 360 σχέτλιον
1391 312 1470 348 τῶν
1506 311 1578 359 μὲν

253 377 365 414 νικᾶν
396 373 445 414 ἂν
477 377 581 425 παρὰ
619 373 723 413 τοῦτ’
757 373 949 424 οἰομένων
985 378 1180 427 χορηγῶν,
1207 378 1285 415 τῶν
1318 375 1578 424 ἀνηλωκότων

253 440 447 481 πολλάκις
468 440 595 480 πάντα
614 443 661 480 τὰ
681 441 762 480 ὅντ’
783 442 837 482 εἷς
857 443 926 482 τὰς
942 441 1191 496 λῃτουργίας,
1212 440 1361 491 μηδένα
1379 443 1579 491 τολμῆσαι

253 507 412 547 πώποτε
451 506 539 557 μηδ’
577 508 630 547 ῶν
666 509 703 547 οἰ
745 508 858 557 νόμοι
894 508 1072 547 διδόασιν
1105 507 1302 559 ἅψασθαι,
1330 507 1421 547 ἀλλ’
1458 508 1616 556 οὕτως5

253 572 446 622 εὐλαβῶς,
485 574 607 615 οὕτως
645 573 836 623 εὐσεβῶς,
876 575 974 613 οὕτω
1017 574 1181 625 μετρίως
1222 576 1442 614 διακεῖσθαι
1482 573 1578 612 ὥστ’

252 641 556 686 ἀναλίσκοντας,
583 641 833 692 ἀγωνιῶντας
862 641 966 690 ὅμως
990 639 1213 692 ἀπέχεσθαι
1245 641 1306 680 καὶ
1334 642 1579 691 προορᾶσθαι

252 707 321 747 τὰς
346 706 536 758 ὑμετέρας
564 705 783 757 βουλήσεις
811 707 873 746 καὶ
901 706 972 756 τὴν
1002 707 1088 757 περὶ
1118 706 1188 755 τὴν
1219 706 1357 756 ἑορτὴν
1387 706 1577 756 σπουδήν,

254 774 423 812 Μειδίαν
457 773 489 812 δ’
515 773 673 823 ἰδιώτην
706 775 813 818 ὄντα,
844 775 967 823 μηδὲν
1001 773 1245 822 ἀνηλωκότα,
1276 773 1337 812 ὅτι
1370 790 1422 826 τῳ
1453 789 1577 824 προσ-

252 838 440 890 έκρουσεν
479 840 542 879 καὶ
581 839 721 892 ἐχθρὸς
760 841 950 892 ὑπῆρχεν,
977 843 1116 879 τοῦτον
1151 840 1431 884 ἀναλίσκοντα,
1459 856 1577 891 χορη-
1604 856 1641 877 10

252 909 409 956 γοῦντα,
438 908 617 956 ἐπίτιμον
643 908 737 946 ὄντα
767 906 1075 956 προπηλακίζειν
1106 907 1168 945 καὶ
1198 905 1368 951 τύπτειν,
1397 906 1458 945 καὶ
1482 905 1580 955 μήτε

251 975 320 1022 τῆς
345 974 481 1025 ἑορτῆς
510 972 606 1023 μήτε
637 976 714 1013 τῶν
746 974 876 1022 νόμων
905 973 1003 1022 μήτε
1033 974 1072 1012 τί
1098 974 1208 1023 ὑμεῖς
1234 973 1356 1024 ἐρεῖτε
1385 971 1484 1023 μήτε
1512 975 1580 1012 τοῦ

251 1041 343 1079 θεοῦ
368 1040 610 1091 φροντίζειν;

320 1109 495 1146 Πολλῶν
520 1108 663 1152 τοίνυν,
685 1103 715 1145 ‹T›
740 1105 877 1157 ἄνδρες
898 1105 1112 1156 Ἀθηναῖοι,
1132 1105 1405 1158 γεγενημένων
1427 1107 1579 1158 ἐχθρῶν

250 1171 457 1222 ἀλλήλοις,
477 1172 521 1212 οὐ
544 1174 666 1223 μόνον
686 1172 731 1223 ἐξ
754 1174 862 1213 ἰδίων
882 1173 988 1212 ἀλλὰ
1014 1174 1075 1212 καὶ
1096 1174 1137 1211 ἐκ
1164 1177 1303 1212 κοινῶν
1323 1172 1577 1224 πραγμάτων,
1605 1189 1639 1220 ¹5

250 1239 375 1281 οὐδεὶς
405 1239 555 1280 πώποτ’
582 1241 637 1282 εἰς
666 1239 822 1279 τοσοῦτ’
852 1240 1051 1281 ἀναιδείας
1080 1239 1236 1291 ἀφίκεθ’
1266 1240 1370 1279 ὥστε
1401 1239 1580 1279 τοιοῦτόν

249 1323 286 1345 τι
310 1308 510 1356 τολμῆσαι
535 1310 673 1346 ποιεῖν.
751 1308 878 1346 καίτοι
907 1306 1034 1358 φασὶν
1061 1304 1292 1357 Ἰφικράτην
1316 1305 1403 1346 ποτ’
1429 1306 1579 1346 ἐκεῖνον

254 1376 422 1413 Διοκλεῖ
452 1377 504 1427 τῷ
543 1376 664 1413 Πιθεῖ
696 1375 745 1413 τὰ
779 1372 943 1424 μάλιστ’
973 1374 1106 1412 ἐλθεῖν
1142 1373 1196 1413 εἰς
1233 1373 1393 1425 ἔχθραν,
1423 1373 1485 1412 καὶ
1521 1373 1579 1412 ἔτι

250 1439 346 1491 πρὸς
381 1440 505 1494 τούτῳ
546 1442 749 1490 συμβῆναι
796 1440 963 1480 Τεισίαν
1004 1439 1073 1479 τὸν
1112 1438 1359 1491 Ἰφικράτους
1401 1439 1578 1490 ἀδελφὸν

249 1507 567 1559 ἀντιχορηγῆσαι
594 1511 647 1561 τῷ
680 1510 854 1547 Διοκλεῖ.
929 1505 1021 1546 ἀλλ’
1048 1508 1150 1556 ὅμως
1176 1505 1351 1547 πολλοὺς
1378 1508 1450 1556 μὲν
1474 1505 1580 1558 ἔχων
1602 1521 1641 1542 20

250 1574 393 1624 φίλους
425 1573 665 1624 Ἰφικράτης,
693 1575 828 1613 πολλὰ
858 1575 899 1614 δὲ
929 1572 1112 1626 χρήματα
1143 1571 1390 1622 κεκτημένος,
1418 1576 1579 1624 φρονῶν

249 1639 282 1679 δ’
308 1639 374 1692 ἐφ’
400 1641 501 1694 αὑτῷ
535 1644 769 1690 τηλικοῦτον
802 1640 940 1690 ἡλίκον
973 1639 1075 1681 εἰκὸς
1114 1639 1235 1691 ἄνδρα
1269 1640 1331 1679 καὶ
1364 1639 1481 1689 δόξης
1517 1639 1579 1678 καὶ

249 1710 370 1757 τιμῶν
395 1707 625 1760 τετυχηκόθ’
651 1708 705 1747 ὧν
731 1709 878 1748 ἐκεῖνος
902 1706 1046 1757 ἠξίωτο
1071 1705 1161 1757 παρ’
1187 1707 1306 1756 ὑμῶν,
1334 1706 1401 1746 οὐκ
1427 1704 1581 1756 ἐβάδιζ’

250 1775 314 1814 ἐπὶ
339 1774 407 1815 τὰς
430 1777 508 1814 τῶν
527 1775 765 1827 χρυσοχόων
785 1775 908 1814 οἰκίας
929 1775 1092 1825 νύκτωρ,
1114 1773 1202 1812 οὐδὲ
1229 1771 1512 1824 κατερρήγνυεν
1531 1773 1579 1811 τὰ

249 1840 611 1891 παρασκευαζόμεν’
638 1840 755 1891 ἱμάτι’
782 1842 837 1881 εἰς
862 1840 932 1889 τὴν
959 1840 1109 1891 ἑορτήν,
1132 1839 1220 1880 οὐδὲ
1247 1838 1445 1890 διέφθειρε
1471 1838 1575 1878 διδά-
1600 1852 1637 1884 25

250 1913 416 1953 σκαλον,
452 1907 538 1947 οὐδὲ
581 1907 704 1960 χορὸν
736 1906 951 1958 μανθάνειν
988 1907 1172 1952 ἐκώλυεν,
1205 1907 1293 1946 οὐδὲ
1327 1909 1406 1946 τῶν
1441 1905 1578 1944 ἄλλων

249 1975 362 2014 οὐδὲν
387 1975 441 2014 ῶν
467 1974 579 2016 οὗτος
613 1974 855 2025 διεπράττετ’
883 1975 1020 2022 ἐποίει,
1047 1974 1154 2013 ἀλλὰ
1178 1976 1259 2013 τοῖς
1284 1972 1418 2022 νόμοις
1444 1972 1506 2012 καὶ
1530 1977 1578 2028 τῇ

248 2044 326 2080 τῶν
360 2040 495 2081 ἄλλων
532 2040 729 2091 βουλήσει
759 2044 979 2094 συγχωρῶν
1012 2039 1195 2093 ἠνείχετο
1225 2039 1286 2078 καὶ
1319 2042 1485 2079 νικῶντα
1516 2038 1578 2077 καὶ

249 2107 576 2160 στεφανούμενον
605 2111 673 2147 τὸν
703 2108 848 2160 ἐχθρὸν
875 2108 987 2158 ὁρῶν,
1015 2107 1187 2148 εἰκότως·
1228 2107 1268 2146 ἐν
1297 2104 1321 2161 ᾗ
1357 2107 1433 2157 γὰρ
1463 2105 1579 2145 αὐτὸς

292 2227 311 2255 3
342 2222 419 2255 post
443 2219 533 2249 νικᾶν
561 2218 599 2248 ἂν
623 2217 695 2247 add.
723 2218 815 2248 ταυτὶ
845 2217 942 2246 codd.
972 2216 1146 2255 plerique:
1179 2225 1245 2245 om.
1274 2214 1350 2245 AF.
1401 2214 1577 2253 Duplieem

249 2260 429 2290 lectionem
456 2261 558 2291 fuisse
584 2261 668 2290 coni.
700 2260 844 2294 Dobree,
871 2260 1009 2290 alteram
1035 2259 1138 2300 ταύτῃ
1164 2259 1214 2298 <in
1239 2260 1330 2289 ταυτὶ
1357 2259 1576 2296 corruptam),

248 2304 385 2334 alteram
404 2306 486 2345 παρὰ
504 2305 592 2335 τοῦτ’
611 2305 710 2345 (παρὰ
726 2304 816 2335 ταῦτ’
834 2303 880 2339 Α)
898 2315 904 2332 :
930 2303 1104 2333 adsentior
1255 2311 1291 2331 10
1316 2302 1365 2332 καὶ
1384 2308 1461 2330 ante
1480 2314 1575 2341 χορη-

247 2349 369 2386 γοῦντα
385 2349 460 2377 add.
482 2348 505 2377 S
524 2357 612 2378 corr.
630 2347 723 2377 solus
886 2347 924 2376 18
950 2346 1054 2386 Πιθεῖ]
1074 2346 1202 2376 variant
1221 2344 1295 2375 libri
1314 2349 1348 2374 et
1366 2345 1419 2374 hic
1437 2350 1469 2374 ct
1487 2344 1576 2383 alibi,

250 2393 347 2428 Πιθεῖ,
369 2393 483 2422 Πιτθεῖ
499 2394 690 2430 (utramque
709 2391 847 2420 sormam
867 2390 946 2420 dant
965 2390 1106 2429 inscrr.)
