1737 2734
152 158 268 212 xxlv]
489 163 648 200 ΚΑΤΑ
696 162 1144 200 ΤΙΜΟΚΡΑΤΟΎΣ
1511 157 1625 212 [707]

150 266 313 319 θρώπως
340 266 402 305 καὶ
429 269 643 316 δημοτικῶς
670 265 866 318 φράζουσι
891 264 1089 317 πράττειν.
1150 263 1212 303 καὶ
1232 267 1387 314 πρῶτον
1405 264 1477 313 μὲν
1508 278 1549 314 25

150 332 216 385 ἐφ’
241 333 329 383 ὑμῖν
364 333 558 383 ἐποίησαν
588 333 914 386 διαχειροτονίαν,
942 332 1108 383 πότερον
1135 329 1357 371 εἰσοιστέος
1389 329 1477 369 ἐστὶ

150 400 269 450 νόμος
294 399 425 441 καινὸς
450 397 473 449 ἢ
500 403 684 439 δοκοῦσιν
713 400 845 451 ἀρκεῖν
872 400 907 438 οἱ
940 400 1124 449 κείμενοι·
1161 399 1259 448 μετὰ
1279 400 1402 437 ταῦτα
1420 395 1476 442 δέ,

149 466 198 507 ἂν
232 466 476 519 χειροτονῆτ’
515 466 732 518 εἰσφέρειν,
771 467 839 506 οὐκ
879 465 990 506 εὐθὺς
1026 465 1175 504 τιθέναι
1212 462 1477 515 προσέταξαν,

111 534 255 584 5ἆλλὰ
290 534 361 583 τὴν
397 534 531 584 τρίτην
569 532 779 582 ἀπέδειξαν
811 533 1040 582 ἐκκλησίαν,
1077 532 1138 571 καὶ
1168 531 1248 570 οὐδ’
1281 531 1322 571 ἐν
1358 531 1479 586 ταύτῃ

148 599 297 640 τιθέναι
317 601 547 646 δεδώκασιν,
571 600 677 639 ἀλλὰ
698 598 932 650 σκέψασθαι
954 598 1036 638 καθ’
1057 599 1078 637 ὅ
1102 615 1138 637 τι
1157 597 1246 639 τοὺς
1265 596 1480 648 νομοθέτας

149 669 330 707 καθιεῖτε.
403 669 444 707 ἐν
477 669 518 706 δὲ
547 670 600 720 τῷ
629 665 777 717 μεταξὺ
808 666 938 719 χρόνῳ
968 665 1091 719 τούτῳ
1121 662 1374 716 προσέταξαν
1398 668 1479 705 τοῖς
1511 668 1625 722 [708]

148 733 410 784 βουλομένοις
445 732 650 784 εἰσφέρειν
684 732 880 772 ἐκτιθέναι
909 732 998 773 τοὺς
1031 732 1173 782 νόμους
1202 732 1376 783 πρόσθεν
1401 735 1480 771 τῶν

148 800 374 850 ἐπωνύμων,
400 799 449 839 ἵν’
476 801 495 839 ὁ
522 800 770 850 ,Βουλόμενος
796 798 1009 851 σκέψηται,
1033 798 1103 838 κᾶν
1127 798 1365 850 ἀσύμφορον
1389 799 1480 848 ὑμῖν

0 870 3 919 1
91 884 128 906 ιο
149 868 285 922 κατίδῃ
306 883 354 911 τι,
384 866 520 922 φράσῃ
549 867 611 906 καὶ
639 867 735 906 κατὰ
762 865 919 918 σχολὴν
940 866 1118 921 ἀντείπῃ.
1178 866 1325 905 τούτων
1343 864 1479 916 μέντοι
1510 870 1555 904 26

147 934 349 973 τοσούτων
380 935 506 973 ὄντων
536 934 649 973 οὐδὲν
683 934 871 982 πεποίηκε
901 932 1148 984 Τιμοκράτης
1179 933 1328 971 οὑτοσί·
1389 932 1478 972 οὔτε

148 1001 223 1051 γὰρ
249 1000 407 1049 ἐξέθηκε
434 1000 504 1040 τὸν
526 1001 660 1050 νόμον,
683 999 761 1039 οὔτ’
783 1000 927 1039 ἔδωκεν
947 1000 983 1039 εἴ
999 1015 1057 1040 τις
1082 997 1265 1049 ἐβούλετ’
1285 998 1478 1050 ἀναγνοὺς

148 1067 360 1112 ἀντειπεῖν,
388 1066 468 1106 οὔτ’
496 1066 700 1117 ἀνέμεινεν
726 1065 865 1106 οὐδένα
890 1069 966 1106 τῶν
985 1064 1235 1118 τεταγμένων
1254 1066 1410 1118 χρόνων
1437 1067 1478 1106 ἐν

147 1137 229 1174 τοῖς
249 1134 394 1183 νόμοις,
418 1134 524 1172 ἀλλὰ
552 1136 620 1183 τῆς
645 1133 873 1183 ἐκκλησίας,
894 1134 936 1173 ἐν
954 1131 980 1188 ᾗ
997 1133 1086 1174 τοὺς
1111 1132 1253 1183 νόμους
1273 1134 1475 1184 ἐπεχειρο-

88 1215 124 1247 15
147 1198 356 1249 τονήσατε,
392 1200 512 1250 οὔσης
551 1199 738 1256 ἑνδεκάτῃ
771 1204 840 1240 τοῦ
876 1202 1194 1250 ἑκατομβαιῶνος
1230 1200 1364 1249 μηνός,
1399 1201 1473 1238 δω-

147 1265 290 1322 δεκάτῃ
310 1267 378 1306 τὸν
404 1268 524 1316 νόμον
558 1266 802 1318 εἰσήνεγκεν,
832 1266 943 1308 εὐθὺς
972 1272 1019 1323 τῇ
1046 1267 1248 1319 ὑστεραίᾳ,
1277 1266 1338 1305 καὶ
1367 1265 1476 1306 ταῦτ’

147 1334 272 1373 ὄντων
298 1334 475 1384 Κρονίων
498 1334 560 1373 καὶ
585 1336 648 1373 διὰ
668 1333 773 1373 ταῦτ’
795 1333 1010 1385 ἀφειμένης
1030 1335 1098 1383 τῆς
1122 1335 1288 1383 βουλῆς,
1311 1335 1471 1384 διαπρα-

145 1399 310 1450 ξάμενος
329 1402 427 1450 μετίι
444 1404 521 1440 τῶν
538 1401 628 1450 ὑμῖν
649 1401 993 1450 ἐπιβουλευόντων
1010 1399 1243 1449 καθέζεσθαι
1260 1399 1473 1450 νομοθέτας

145 1469 208 1507 διὰ
232 1467 497 1519 ψηφίσματος
517 1468 580 1507 ἐπὶ
606 1468 651 1522 τῇ
678 1471 754 1506 τῶν
781 1467 1072 1516 Παναθηναίων
1096 1465 1313 1518 προφάσει.
1372 1466 1469 1517 ,Βού-
1502 1477 1545 1511 27

86 1550 125 1571 20
144 1539 263 1584 λομαι
300 1533 332 1573 δ’
366 1535 455 1583 ὑμῖν
488 1533 533 1573 τὸ
562 1532 735 1586 ψήφισμ

144 1599 244 1650 ἴδηθ’
280 1601 339 1639 ὅτι
376 1600 504 1640 πάντα
542 1598 829 1651 συνταξάμενοι
866 1600 929 1639 καὶ
967 1600 1079 1640 οὐδὲν
1117 1599 1193 1640 ἀπὸ
1229 1598 1473 1650 ταύτομάτου

142 1668 292 1707 τούτων
330 1668 536 1718 ἔπραττον.
608 1669 713 1718 λαβὲ
753 1667 798 1707 τὸ
835 1666 1019 1719 ψήφισμ’
1060 1666 1192 1708 αὐτοῖς
1231 1666 1293 1706 καὶ
1334 1667 1470 1719 ἀναγί-

142 1750 299 1786 γνωσκε
327 1734 389 1773 σύ.

736 1533 745 1546 5

771 1533 853 1573 αὕτ’
888 1534 1111 1585 ἀναγνῶναι
1141 1533 1185 1573 τὸ
1218 1535 1397 1582 νικῆσαν,
1424 1532 1471 1573 ἵν’

705 1828 903 1857 ΨΗΦῙΣΜΑ.

13 1918 17 1937 ι
84 1916 122 1947 25
194 1900 281 1938 Ἐπὶ
307 1903 371 1948 τῆς
397 1900 633 1940 Πανδιονίδος
659 1901 815 1949 πρώτης,
839 1900 1010 1951 ἑνδεκάτῃ
1037 1902 1101 1948 τῆς
1121 1901 1346 1950 πρυτανείας,
1368 1899 1472 1938 Ἐπι-

3 1971 18 1988 2·
144 1956 278 2004 κράτης
314 1955 422 1998 εἶπεν,
456 1955 552 1995 ὅπως
586 1954 629 1993 ἂν
663 1957 708 1992 τὰ
744 1957 821 2004 ἱερὰ
853 1954 982 2003 θύηται
1014 1956 1072 1992 καὶ
1104 1956 1126 2004 ἡ
1159 1955 1336 2004 διοίκησις
1369 1955 1472 2003 ἱκανὴ

14 2063 15 2066 ’
187 2068 206 2088 2
232 2059 281 2098 ἐφ’
300 2060 371 2097 ὑμῖν
387 2068 452 2088 om.
474 2058 504 2087 A
606 2057 715 2098 πότερ’
734 2058 832 2088 Blass
932 2057 1025 2097 νόμος
1044 2060 1114 2090 ἐστὶ
1132 2058 1161 2088 Α
1287 2070 1305 2097 4
1331 2071 1473 2098 χειροτο-

6 2093 18 2110 '³
145 2103 220 2138 νῆτε
240 2102 263 2132 S
278 2101 326 2140 L¹‚
346 2102 386 2132 cs.
408 2102 439 2131 iv
456 2112 497 2139 30
514 2113 519 2131 :
544 2102 799 2142 χειροτονήσητε
816 2101 904 2140 vulg.
1063 2112 1082 2140 5
1107 2100 1290 2142 ἀπέδειξαν]
1309 2102 1474 2133 ἀπέδωκαν

4 2125 21 2196 Q}
145 2144 169 2174 S
193 2158 245 2185 γρ.
426 2155 442 2183 7
462 2145 615 2176 καθιεῖτεἿ
649 2145 786 2176 καθίειτε
815 2144 906 2183 SL¹,
932 2145 972 2175 cs.
1001 2147 1106 2175 xxxix
1138 2155 1198 2175 11:
1233 2147 1396 2177 καθεδεῖτε
1426 2144 1474 2174 F:

10 2200 22 2215 ’ί
144 2191 326 2220 καθεδεῖται
344 2188 370 2217 Α
506 2189 526 2217 8
550 2188 669 2229 πρόσθε
688 2189 784 2218 codd.
921 2198 960 2218 10
983 2202 1014 2219 τι
1033 2189 1145 2230 κατίδῃ
1163 2189 1193 2218 Α
1344 2198 1381 2218 12
1406 2188 1474 2219 οὔτ’

19 2263 22 2266 ⁴
146 2233 263 2263 ἔδωκεν
280 2232 358 2262 secl.
372 2232 477 2262 Cobet
570 2242 606 2270 15
633 2232 787 2273 ἑνδεκάτῃ
802 2231 917 2262 Wolf:
942 2232 1115 2269 ἑνδεκάτης
1133 2232 1227 2262 codd.
1321 2232 1359 2261 18
1382 2231 1473 2263 καθέ-

18 2273 23 2318 ἶ
146 2274 253 2314 ζεσθαι
275 2275 392 2305 sslass:
417 2275 597 2314 καθίζεσθαι
618 2276 728 2314 codd.⁷
748 2275 790 2306 cf.
810 2278 825 2312 §
845 2285 887 2313 29
1063 2286 1104 2306 20
1129 2277 1205 2306 αὐτὸ
1222 2276 1261 2306 τὸ
1277 2275 1427 2315 ψήφισμα
1443 2274 1473 2304 Α

146 2328 183 2348 21
211 2319 291 2356 ἴδηθ’
311 2318 386 2349 SL1
405 2330 411 2348 ε
444 2318 540 2356 εἰδῆθ’
562 2324 638 2348 cett.
774 2317 852 2358 ἀπὸ]
880 2321 915 2349 ἐκ
942 2317 1041 2348 Blass
1065 2329 1138 2348 cum
1163 2319 1267 2349 schol.
1288 2329 1317 2357 p.
1340 2328 1410 2356 744,
1431 2328 1474 2357 29

20 2374 24 2403 j
145 2371 188 2392 22
212 2361 299 2393 οὗτοι
316 2367 392 2401 post
410 2362 569 2402 ἔπραττον
585 2362 662 2391 add.
681 2361 711 2390 Α
877 2371 918 2400 25
943 2362 1134 2403 Ἐπικράτης
1152 2363 1249 2392 codd.
1270 2361 1420 2401 plerique
1440 2366 1472 2391 et

20 2404 24 2448 ξ
145 2406 251 2436 schol.
271 2416 301 2444 p.
323 2415 394 2444 745,
415 2416 433 2435 2
450 2417 456 2435 :
480 2405 677 2446 Τιμοκράτης
697 2405 720 2435 S
734 2405 797 2435 LF
929 2407 971 2435 26
995 2404 1031 2446 ἡ]
1050 2409 1113 2437 πῶς
1130 2405 1149 2443 ἡ
1167 2405 1190 2435 S
1204 2405 1230 2435 L

189 2470 375 2499 οὓτω-τη,
397 2471 471 2491 VOL.
493 2470 516 2488 ν
1303 2461 1341 2491 15
