1737 2734
71 137 185 191 [465]

54 1612 176 1666 [466]

643 137 1124 180 ΔΗΜΟΣΘΕΝΟΤΣ
1469 135 1539 187 [xx

219 244 394 293 πόλεμον
414 246 671 294 παρασκευῶν
692 242 886 293 ἀφθονίας
912 242 1040 282 πάντα
1064 243 1132 282 τὸν
1157 243 1302 295 χρόνον
1327 242 1349 292 ἡ
1371 243 1545 293 σωτηρία

220 309 328 363 πάσῃ
377 310 422 364 τῇ
472 310 598 349 πόλει.
671 308 769 348 ὥσθ’
813 310 909 348 ὅσον
952 308 1082 348 ἐνθάδ’
1122 309 1274 360 ἀφίετε,
1314 310 1397 348 ἐκεῖ
1433 309 1541 358 κομί·

221 376 347 424 ζεσθε,
377 377 439 415 καὶ
465 375 582 415 δίδοτ’
613 377 655 415 ἐν
689 377 801 425 τιμῆς
831 374 939 426 μέρει
971 375 1080 414 ταῦθ’
1108 376 1131 414 ’ἀ
1166 376 1226 414 καὶ
1259 375 1310 425 μὴ
1342 378 1544 425 λαβοῦσιν

219 442 330 481 ἔστιν
359 442 467 494 ἔχειν
499 446 580 482 τοῖς
609 444 675 480 τοῦ
705 445 954 493 τριηραρχεῖν
983 440 1073 491 ἄξια
1105 441 1367 491 κεκτημένοις.
1438 442 1545 480 ἀλλὰ

216 508 294 557 μὴν
319 509 379 548 ὅτι
404 512 481 548 τῶν
506 511 768 559 τριηραρχιῶν
793 507 918 548 οὐδείς
945 507 1027 546 ἐστ’
1053 507 1207 557 ἀτελής,
1230 509 1336 557 οἶμαι
1359 510 1431 557 μὲν
1447 509 1544 557 ὑμᾶς

218 573 361 614 εἰδέναι
387 574 550 622 πάντας,
579 575 682 623 ὅμως
708 576 748 613 δὲ
782 575 843 613 καὶ
869 577 936 613 τὸν
961 574 1082 623 νόμον
1108 575 1196 623 ὑμῖν
1222 573 1341 614 αὐτὸν
1366 574 1541 625 ἀναγνώ-

217 657 341 680 σεται.
413 643 518 690 λαβὲ
554 640 623 680 τὸν
661 641 748 690 περὶ
786 644 862 679 τῶν
900 644 1161 693 τριηραρχιῶν
1197 641 1318 691 νόμον
1357 640 1418 680 καὶ
1448 639 1543 691 λέγε

215 706 316 746 τοῦτ’
341 707 447 746 αὐτό.

802 815 958 842 ΝΟΜΟΣ.

268 886 404 936 Ἀτελῆ
424 887 462 925 δὲ
482 887 621 936 μηδένα
644 887 733 926 εἶναι
753 888 992 938 τριηραρχίας
1011 888 1112 936 πλὴν
1131 890 1202 926 τῶν
1223 888 1324 926 ἐννέα
1345 888 1542 939 ἀρχόντων.

279 1014 417 1066 Ὀρᾶθ’
445 1015 494 1056 ὡς
522 1019 677 1067 σαφῶς,
701 1014 729 1055 ὦ
750 1015 887 1067 ἄνδρες
913 1015 1128 1064 Ἀθηναῖοι,
1150 1014 1284 1065 μηδέν’
1310 1015 1410 1055 εἶναι
1435 1031 1541 1066 τριη-

211 1083 375 1133 ραρχίας
401 1083 523 1131 ἀτελῆ
549 1083 740 1133 διείρηκεν
766 1083 786 1121 ὁ
813 1083 932 1132 νόμος
958 1081 1062 1131 πλὴν
1091 1085 1169 1122 τῶν
1196 1080 1293 1121 ἐννέ’
1324 1082 1542 1134 ἀρχόντων.

212 1148 349 1188 οὐκοῦν
374 1150 410 1188 οἱ
435 1151 506 1198 μὲν
528 1149 680 1188 ἐλάττω
707 1148 935 1198 κεκτημένοι
961 1152 1028 1188 τοῦ
1053 1149 1306 1201 τριηραρχίας
1332 1147 1406 1198 ἄξι’
1432 1148 1542 1201 ἔχειν

212 1216 253 1254 ἐν
269 1218 354 1256 ταῖς
375 1216 583 1266 εἰσφοραῖς
601 1218 862 1255 συντελοῦσιν
878 1216 932 1256 εἰς
952 1215 1018 1254 τὸν
1042 1216 1229 1265 πόλεμον,
1249 1216 1285 1255 οἱ
1305 1214 1336 1254 δ’
1358 1215 1540 1265 ἐφικνού-

210 1298 321 1330 μενοι
345 1285 412 1320 τοῦ
436 1285 684 1334 τριηραρχεῖν
706 1283 760 1323 εἰς
780 1281 970 1332 ἀμφότερ’
988 1282 1077 1332 ὑμῖν
1099 1279 1317 1332 ὑπάρξουσι
1337 1280 1540 1334 χρήσιμοι,

211 1349 273 1388 καὶ
311 1352 561 1400 τριηραρχεῖν
603 1349 664 1388 καὶ
705 1348 921 1400 εἰσφέρειν.
992 1347 1064 1388 τίν’
1106 1348 1174 1388 οὖν
1212 1347 1421 1402 ῥᾳστώνην
1459 1351 1542 1390 τοῖς

209 1419 377 1456 πολλοῖς
413 1416 433 1454 ὁ
470 1416 553 1459 σός,
593 1413 622 1454 ὦ
659 1416 846 1465 Λεπτίνη,
882 1419 989 1455 ποιεῖ
1021 1415 1153 1465 νόμος,
1188 1416 1220 1455 εἰ
1256 1411 1399 1465 μιᾶςῆ
1433 1416 1542 1455 δυοῖν

210 1484 357 1531 φυλαῖν
388 1482 458 1521 ἕνα
487 1482 661 1535 χορηγὸν
692 1482 940 1531 καθίστησιν,
972 1481 1015 1523 ὃς
1046 1481 1130 1522 ἀνθ’
1163 1481 1248 1522 ἑνὸς
1278 1481 1404 1521 ἄλλου
1435 1481 1541 1521 τοῦθ’

209 1546 318 1597 ἅπαξ
352 1547 523 1597 ποιήσας
561 1547 854 1599 ἀπηλλάξεται;
897 1549 976 1600 ἐγὼ
1011 1551 1084 1599 μὲν
1120 1549 1195 1602 οὐχ
1234 1548 1323 1599 ὁρῶ.
1393 1550 1462 1597 τῆς
1499 1547 1542 1588 δέ

209 1614 244 1665 γ’
287 1615 481 1668 αἰσχύνης
519 1616 618 1664 ὅλην
658 1616 938 1665 ἀναπίμπλησι
977 1614 1048 1664 τὴν
1086 1615 1202 1655 πόλιν
1247 1615 1309 1655 καὶ
1345 1616 1414 1664 τῆς
1449 1615 1537 1655 ἀπι-

210 1682 335 1723 στίας.
409 1682 548 1722 οὔκουν
578 1683 643 1722 ὅτε
677 1685 814 1736 πολλῷ
845 1682 1006 1732 μείζονα
1035 1681 1195 1733 βλάψει
1224 1685 1303 1721 τῶν
1335 1680 1541 1733 ὠφελειῶν

209 1749 261 1788 ὧν
295 1749 392 1800 ἔχει,
421 1747 613 1800 προσήκει
646 1749 842 1789 λελύσθαι
873 1750 977 1800 παρὰ
1007 1748 1133 1789 τοῖσδ’
1169 1747 1305 1793 αὑτόν;
1349 1747 1466 1800 ἔγωγ’
1493 1747 1540 1788 ἂν

210 1816 345 1865 φαίην.

272 1881 363 1921 ’Έτι
388 1881 433 1927 δ’,
455 1879 484 1920 ῶ
504 1881 641 1934 ἄνδρες
662 1883 857 1928 δικασταί,
886 1884 949 1922 διὰ
974 1881 1019 1922 τὸ
1045 1881 1271 1934 γεγράφθαι
1293 1883 1336 1922 ἐν
1354 1884 1407 1935 τῷ
1433 1881 1538 1935 νόμῳ

209 1947 419 2000 διαρρήδην
443 1948 560 1988 αὐτοῦ
587 1952 595 1966 ‘
612 1948 762 1999 μηδένα
788 1948 886 2000 μήτε
917 1952 994 1988 τῶν
1024 1952 1198 1988 πολιτῶν
1222 1947 1319 1999 μήτε
1349 1952 1426 1988 τῶν
1452 1949 1536 1988 ἰσο-
1583 1966 1596 1996 3

1386 2017 1400 2027 'x
1407 2013 1416 2027 ἱ
1453 2015 1470 2027 1¹1

209 2018 336 2055 τελῶν
364 2014 461 2065 μήτε
490 2019 567 2055 τῶν
598 2015 722 2066 ξένων
751 2015 852 2056 εῖναι
881 2015 1030 2065 ἀτελῆ,’
1060 2015 1111 2065 μὴ
1143 2017 1352 2071 διῃρῆσθαι
1383 2023 1403 2054 ο
1449 2031 1540 2055 οτου

210 2083 344 2132 ἀτελῆ,
373 2083 564 2135 χορηγίας
590 2082 613 2132 ἥ
643 2099 748 2124 τινος
778 2082 905 2123 ἄλλου
930 2082 1080 2127 τέλους,
1109 2081 1201 2121 ἀλλ’
1228 2083 1364 2122 ἁπλῶς
1390 2083 1400 2098 ‘
1417 2081 1538 2130 ἀτελῆ

254 2201 273 2220 2
305 2191 392 2233 πάσῃ
418 2202 483 2222 om.
511 2192 541 2221 A
712 2193 732 2222 8
763 2195 860 2224 τοῦτο
885 2192 964 2224 αὐτό
989 2192 1023 2223 S¹
1042 2191 1145 2222 UA:
1177 2194 1294 2223 τοῦτον
1317 2193 1422 2222 αὐτοῖς
1448 2191 1535 2230 vulg.

214 2244 316 2264 11-12
341 2236 425 2275 ὁρᾶθ’
445 2260 450 2265 .
469 2259 476 2265 .
500 2261 505 2266 .
525 2235 692 2275 ἀρχόντων
708 2246 774 2266 om.
794 2235 823 2265 Α
1004 2245 1041 2265 12
1066 2236 1223 2276 διείρηκεν
1239 2235 1347 2273 codd„
1367 2234 1409 2264 cs.
1427 2235 1533 2265 schol.

212 2287 241 2316 p.
258 2287 332 2315 473,
351 2288 388 2308 10
404 2279 573 2319 διαρρήδην
591 2279 698 2310 §fn-ev:
725 2279 874 2321 διῄρηκεν
895 2278 919 2308 L
935 2289 1020 2309 corr.
1051 2279 1138 2309 coni.
1153 2278 1300 2308 Dobreew
1397 2288 1434 2315 ¹3
1451 2291 1536 2318 τριη-

210 2322 342 2362 ραρχίας
361 2322 384 2351 S
403 2322 435 2351 in
456 2332 516 2352 ms.
541 2322 563 2351 L
581 2323 668 2359 vulg.
685 2334 689 2351 :
717 2323 919 2363 λειτουργίας
939 2322 967 2352 Y
981 2322 1010 2352 O
1105 2331 1142 2359 19
1167 2321 1388 2361 ἀπηλλάξεται
1407 2321 1514 2351 Cobet
1531 2333 1537 2350 t

211 2365 431 2404 ἀπαλλάξεται
449 2365 559 2399 codd..
577 2366 616 2395 cf.
637 2366 716 2395 xxiv
730 2367 782 2403 85,
800 2376 811 2395 1
825 2376 858 2404 ¹5
963 2367 1004 2396 26
1029 2367 1193 2407 διῃρῆσθαι
1214 2365 1237 2394 L
1250 2365 1279 2395 A
1293 2364 1336 2394 P:
1363 2366 1537 2404 διειρῆσθαι

213 2406 236 2437 S
251 2407 357 2438 FYO
493 2418 531 2446 27
558 2410 659 2446 ἀτελῆ
677 2409 756 2440 secl.
776 2408 874 2439 Blass

1568 901 1605 923 10

1564 1632 1603 1654 20
