1737 2734
75 133 192 188 [4⁷6]

145 332 189 375 64

138 1129 183 1163 66

69 1323 178 1378 [477]

133 1995 178 2029 68

650 135 1137 174 ΔΗΜΟΣΘΕΝΟΎΣ
1481 131 1550 184 [xx

763 253 1016 281 ΨΗΦῙΣΜΑΤΑ.

287 325 512 365 Ἠκούσατε
553 328 625 376 μὲν
665 330 742 366 τῶν
780 325 1071 377 ψηφισμάτων,
1113 325 1142 366 ὦ
1182 326 1318 378 ἄνδρες
1357 331 1551 369 δικασταί.

218 392 365 431 τούτων
386 392 417 432 δ’
439 394 536 434 ἴσως
556 392 652 432 ἔνιοι
673 396 749 432 τῶν
771 393 922 444 ἀνδρῶν
944 392 1068 432 οὐκέτ’
1089 395 1202 434 εἰσίν.
1264 395 1369 434 ἀλλὰ
1389 397 1437 434 τὰ
1456 395 1553 447 ἔργα

217 460 265 498 τὰ
299 458 512 511 πραχθέντ’
545 458 669 503 ἔστιν,
708 458 918 509 ἐπειδήπερ
955 458 1063 509 ἅπαξ
1093 459 1286 513 ἐπράχθη.
1360 461 1553 513 προσήκει

217 525 348 564 τοίνυν
372 526 440 566 τὰς
467 524 619 574 στήλας
645 525 786 566 ταύτας
816 527 946 577 κυρίας
976 527 1044 565 ἐᾶν
1063 525 1133 565 τὸν
1153 526 1280 566 πάντα
1306 527 1463 579 χρόνον,
1487 528 1550 573 ἵν’,

217 592 289 631 ἕως
320 593 392 640 μὲν
416 590 464 630 ἄν
489 608 590 632 τινες
622 591 730 640 ζῶσι,
760 594 880 641 μηδὲν
905 592 972 643 ὑφ’
1003 593 1110 642 ὑμῶν
1140 593 1363 638 ἀδικῶνται,
1391 595 1552 634 ἐπειδὰν

217 660 257 697 δὲ
290 656 598 707 τελευτήσωσιν,
635 659 780 698 ἐκεῖναι
816 661 883 697 τοῦ
916 661 984 708 τῆς
1023 659 1176 700 πόλεως
1209 658 1326 708 ἤθους
1361 664 1552 710 μνημεῖον

216 721 303 770 ὦσι,
341 725 403 763 καὶ
436 724 720 775 παραδείγμαθ’
756 727 906 764 ἑστῶσι
941 729 1021 765 τοῖς
1060 724 1322 775 βουλομένοις
1355 742 1391 765 τι
1425 730 1551 766 ποιεῖν

215 791 313 839 ὑμᾶς
333 790 495 841 ἀγαθόν,
517 791 637 832 ὅσους
660 791 700 830 εὖ
722 790 965 840 ποιήσαντας
988 791 1008 840 ἡ
1029 792 1144 832 πόλις
1166 790 1248 831 ἀντ’
1265 791 1307 831 εὖ
1322 794 1545 842 πεποίηκεν.

218 856 277 895 καὶ
301 856 378 906 μὴν
402 856 490 907 μηδ’
511 857 625 897 ἐκεῖν’
647 858 756 907 ὑμᾶς,
779 855 807 896 ὦ
827 857 964 908 ἄνδρες
987 857 1206 907 Ἀθηναῖοι,
1227 858 1468 903 λανθανέτω,
1491 861 1550 899 ὅτι

214 926 292 962 τῶν
322 924 546 976 αἰσχίστων
578 924 688 963 ἐστὶν
720 924 868 965 πάντας
902 924 1129 974 ἀνθρώπους
1165 925 1258 964 ἰδεῖν
1290 925 1352 964 καὶ
1381 925 1550 965 ἀκοῦσαι

214 991 282 1030 τὰς
312 992 385 1039 μὲν
411 990 630 1042 συμφοράς,
659 991 719 1031 αῖς
751 990 798 1030 δι’
824 991 921 1040 ὑμᾶς
953 989 1168 1044 ἐχρήσανθ’
1195 992 1230 1030 οἱ
1264 989 1400 1041 ἄνδρες
1429 991 1547 1037 οὗτοι,

214 1056 341 1096 πάντα
360 1057 426 1096 τὸν
446 1057 592 1109 χρόνον
615 1058 745 1108 κυρίας
767 1057 897 1098 αὐτοῖς
918 1057 1196 1108 γεγενημένας,
1221 1058 1289 1098 τὰς
1311 1058 1351 1096 δὲ
1372 1058 1546 1108 δωρειάς,

214 1123 258 1164 ἲις
283 1123 370 1162 ἀντὶ
394 1124 542 1163 τούτων
563 1123 715 1173 ἔλαβον
737 1123 826 1175 παρ’
845 1124 964 1173 ὑμῶν,
990 1124 1052 1162 καὶ
1077 1123 1122 1172 δὴ
1148 1123 1384 1173 λελυμένας.
1445 1124 1548 1164 πολὺ

213 1191 288 1240 γὰρ
317 1192 475 1240 μᾶλλον
509 1190 700 1241 ἥρμοττεν
734 1193 781 1229 τὰ
815 1189 963 1230 δοθέντ’
996 1191 1140 1231 ἐῶντας
1174 1194 1252 1230 τῶν
1285 1189 1548 1243 ἀτυχημάτων

213 1257 398 1307 ἀφαιρεῖν
420 1253 440 1306 ἦ
462 1257 610 1296 τούτων
635 1258 834 1306 μενόντων
853 1259 922 1298 τὰς
944 1258 1105 1308 δωρειὰς
1130 1257 1400 1309 ἀφαιρεῖσθαι.
1451 1256 1547 1308 φέρε

213 1325 286 1374 γὰρ
313 1322 409 1374 πρὸς
437 1324 544 1368 Διός,
572 1325 630 1364 τίς
660 1323 770 1363 ἔστιν
797 1325 908 1365 ὅστις
935 1323 976 1364 εὖ
1001 1326 1127 1363 ποιεῖν
1157 1325 1254 1374 ὑμᾶς
1284 1322 1545 1373 βουλήσεται,

211 1389 384 1439 μέλλων,
422 1388 470 1430 ἂν
508 1392 580 1440 μὲν
619 1391 812 1446 ἀποτύχῃ,
854 1392 1093 1443 παραχρῆμα
1134 1391 1246 1439 δίκην
1285 1389 1430 1430 δώσειν
1466 1393 1548 1431 τοῖς

211 1457 382 1508 ἐχθροῖς,
409 1455 457 1496 ἂν
482 1458 523 1496 δὲ
553 1457 794 1513 κατορθώσῃ,
825 1459 893 1498 τὰς
918 1456 1082 1510 χάριτας
1113 1455 1202 1508 παρ’
1227 1457 1332 1507 ὑμῶν
1357 1456 1548 1498 ἀπίστους

211 1522 334 1573 ἕξειν;

279 1589 392 1629 Πάνυ
421 1591 551 1630 τοίνυν
584 1591 780 1643 ἀχθοίμην
814 1590 872 1635 ἄν,
906 1587 935 1629 ὦ
969 1589 1105 1640 ἄνδρες
1142 1591 1335 1635 δικασταί,
1370 1590 1403 1629 εἰ
1433 1592 1547 1628 τοῦτο

209 1657 331 1705 μόνον
365 1654 518 1706 δόξαιμι
554 1658 703 1696 δίκαιον
741 1660 972 1708 κατηγορεῖν
1009 1660 1077 1696 τοῦ
1111 1658 1242 1707 νόμου,
1275 1657 1337 1695 ὅτι
1370 1656 1547 1697 πολλοὺς

210 1722 344 1772 ξένους
375 1723 581 1775 εὐεργέτας
612 1725 840 1775 ἀφαιρεῖται
871 1723 942 1772 τὴν
975 1723 1170 1769 ἀτέλειαν,
1199 1727 1276 1763 τῶν
1302 1725 1343 1762 δὲ
1373 1726 1547 1762 πολιτῶν

208 1789 341 1838 μηδέν’
362 1788 472 1839 ἄξιον
498 1791 654 1840 δοκοίην
681 1789 789 1844 ἔχειν
816 1790 939 1840 δεῖξαι
967 1794 1046 1830 τῶν
1073 1789 1294 1841 εὑρημένων
1313 1790 1457 1839 ταύτην
1476 1788 1547 1838 τὴν

209 1855 338 1905 τιμήν.
411 1857 472 1896 καὶ
502 1858 577 1908 γὰρ
604 1856 719 1896 τᾶλλ’
745 1856 859 1909 ἀγάθ’
890 1855 1076 1907 εὐξαίμην
1106 1856 1154 1896 ἂν
1184 1856 1311 1908 ἔγωγε
1340 1855 1430 1907 παρ’
1455 1855 1548 1905 ἡμῖν

210 1922 309 1962 εἶναι
335 1926 519 1968 πλεῖστα,
543 1924 604 1963 καὶ
633 1923 776 1975 ἄνδρας
801 1924 986 1974 ἀρίστους
1013 1924 1075 1962 καὶ
1101 1924 1314 1964 πλείστους
1341 1922 1547 1974 εὐεργέτας

209 1991 278 2038 τῆς
318 1990 471 2031 πόλεως
510 1991 673 2032 πολίτας
723 1990 832 2030 εἶναι.
908 1993 1065 2041 πρῶτον
1103 1991 1175 2040 μὲν
1214 1990 1344 2029 τοίνυν
1380 1989 1547 2028 Κόνωνα

211 2059 409 2102 σκοπεῖτε,
439 2057 471 2096 εἰ
504 2057 562 2107 ἄρ’
588 2056 710 2107 ἄξιον,
745 2056 1127 2108 καταμεμψαμένους
1158 2053 1179 2105 ἦ
1206 2056 1274 2095 τὸν
1299 2055 1420 2106 ἄνδρα
1450 2052 1473 2103 ἦ
1499 2056 1547 2094 τὰ

212 2122 483 2174 πεπραγμένα,
507 2123 649 2175 ἄκυρόν
671 2141 708 2163 τι
728 2126 893 2173 ποιῆσαι
914 2127 992 2163 τῶν
1012 2124 1146 2177 ἐκείνῳ
1168 2122 1376 2162 δοθέντων.
1432 2121 1545 2162 οὗτος

212 2188 299 2240 γάρ,
338 2190 388 2231 ὡς
425 2191 532 2239 ὑμῶν
566 2194 684 2230 τινῶν
719 2190 829 2230 ἔστιν
867 2191 1033 2229 ἀκοῦσαι
1071 2194 1147 2229 τῶν
1186 2191 1283 2228 κατὰ
1320 2188 1391 2237 τὴν
1425 2188 1545 2236 αὐτὴν

259 2310 279 2338 3
303 2299 360 2339 731]
380 2299 421 2331 τά
436 2301 469 2340 γ’
488 2299 517 2329 Α
651 2302 672 2330 6
696 2301 734 2331 ἄν
751 2310 817 2329 om.
839 2299 873 2329 S¹
1008 2310 1029 2338 9
1054 2301 1145 2331 ὅσους
1164 2298 1187 2328 S
1205 2298 1320 2328 solus:
1345 2299 1384 2329 ὡς
1401 2298 1473 2329 τοὺς
1490 2297 1543 2327 A:

216 2344 266 2374 ὅτι
283 2344 356 2375 τοὺς
376 2343 401 2373 L
418 2344 505 2382 vulg.
642 2354 681 2382 19
705 2344 762 2375 τὰς
781 2348 856 2382 post
876 2342 1008 2384 χάριτας
1026 2343 1101 2373 add.
1122 2343 1228 2372 Cobet
1357 2350 1398 2370 22
1423 2341 1545 2372 δίκαιον

215 2397 277 2416 om.
299 2386 325 2415 B
495 2388 538 2417 26
561 2387 736 2419 πλείστους
752 2387 840 2425 vulg.
861 2386 884 2416 S
901 2399 951 2428 γρ.
969 2398 974 2417 :
1000 2387 1133 2418 πιστοὺς
1151 2385 1194 2417 S:
1220 2385 1394 2417 πλείστους
1412 2385 1544 2416 πιστοὺς

218 2430 243 2458 1.
261 2430 353 2459 solus
444 2430 612 2471 εὐεργέτας
630 2430 707 2460 secl.
729 2430 827 2460 Blass

1572 549 1589 578 Ξ)

1575 877 1612 898 10

1572 1539 1610 1561 20

1567 2202 1606 2232 30
