<?xml version="1.0" encoding="UTF-8"?>
<!DOCTYPE html PUBLIC "-//W3C//DTD XHTML 1.0 Transitional//EN"
    "http://www.w3.org/TR/xhtml1/DTD/xhtml1-transitional.dtd">
<html xmlns="http://www.w3.org/1999/xhtml" xml:lang="en" lang="en">
 <head>
  <title>
</title>
<meta http-equiv="Content-Type" content="text/html;charset=utf-8" />
  <meta name='ocr-system' content='tesseract 3.04.00' />
  <meta name='ocr-capabilities' content='ocr_page ocr_carea ocr_par ocr_line ocrx_word'/>
</head>
<body>
  <div class='ocr_page' id='page_1' title='image "./p1orationesrecog02demouoft_0323.png"; bbox 0 0 1737 2734; ppageno 0'>
   <div class='ocr_carea' id='block_1_1' title="bbox 154 167 1639 224">
    <p class='ocr_par' dir='ltr' id='par_1_1' title="bbox 154 167 1639 224">
     <span class='ocr_line' id='line_1_1' title="bbox 154 167 1639 224; baseline 0 -14"><span class='ocrx_word' id='word_1_1' title='bbox 154 167 263 222; x_wconf 58' lang='lat' dir='ltr'>xxv]</span> <span class='ocrx_word' id='word_1_2' title='bbox 419 167 550 210; x_wconf 81' lang='lat' dir='ltr'><strong>KAT’</strong></span> <span class='ocrx_word' id='word_1_3' title='bbox 598 169 1150 209; x_wconf 84' lang='grc' dir='ltr'>ΑΡΙΣΤΟΓΕΙΤΟΝΟΣ</span> <span class='ocrx_word' id='word_1_4' title='bbox 1199 170 1233 207; x_wconf 89' lang='grc' dir='ltr'>Α</span> <span class='ocrx_word' id='word_1_5' title='bbox 1525 169 1639 224; x_wconf 81' lang='lat'><strong>[797]</strong></span> 
     </span>
    </p>
   </div>
   <div class='ocr_carea' id='block_1_2' title="bbox 92 274 1639 2262">
    <p class='ocr_par' dir='ltr' id='par_1_2' title="bbox 92 274 1639 2262">
     <span class='ocr_line' id='line_1_2' title="bbox 160 274 1493 330; baseline -0.001 -13"><span class='ocrx_word' id='word_1_6' title='bbox 160 275 306 330; x_wconf 69' lang='grc' dir='ltr'>ἐχθρὸν</span> <span class='ocrx_word' id='word_1_7' title='bbox 343 276 511 318; x_wconf 82' lang='grc' dir='ltr'>ἕκαστος</span> <span class='ocrx_word' id='word_1_8' title='bbox 545 277 721 317; x_wconf 85' lang='grc' dir='ltr'>ὑπειπὼν</span> <span class='ocrx_word' id='word_1_9' title='bbox 757 275 826 316; x_wconf 84' lang='grc' dir='ltr'>τὸν</span> <span class='ocrx_word' id='word_1_10' title='bbox 859 276 990 316; x_wconf 82' lang='grc' dir='ltr'>αὐτοῦ·</span> <span class='ocrx_word' id='word_1_11' title='bbox 1052 276 1156 315; x_wconf 86' lang='grc' dir='ltr'>ὥστε</span> <span class='ocrx_word' id='word_1_12' title='bbox 1193 274 1266 325; x_wconf 77' lang='grc' dir='ltr'>τὴν</span> <span class='ocrx_word' id='word_1_13' title='bbox 1302 277 1493 326; x_wconf 83' lang='grc' dir='ltr'>πονηρίαν</span> 
     </span>
     <span class='ocr_line' id='line_1_3' title="bbox 160 342 1492 396; baseline 0 -14"><span class='ocrx_word' id='word_1_14' title='bbox 160 342 232 393; x_wconf 80' lang='grc' dir='ltr'>τὴν</span> <span class='ocrx_word' id='word_1_15' title='bbox 255 343 393 383; x_wconf 84' lang='grc' dir='ltr'>τούτου</span> <span class='ocrx_word' id='word_1_16' title='bbox 417 344 547 383; x_wconf 79' lang='grc' dir='ltr'>αἰτίαν</span> <span class='ocrx_word' id='word_1_17' title='bbox 579 342 678 383; x_wconf 84' lang='grc' dir='ltr'>εἶναι</span> <span class='ocrx_word' id='word_1_18' title='bbox 709 346 788 383; x_wconf 88' lang='grc' dir='ltr'>τῶν</span> <span class='ocrx_word' id='word_1_19' title='bbox 820 345 1098 395; x_wconf 75' lang='grc' dir='ltr'>βλασφημιῶν</span> <span class='ocrx_word' id='word_1_20' title='bbox 1130 342 1170 382; x_wconf 77' lang='grc' dir='ltr'>αἲ</span> <span class='ocrx_word' id='word_1_21' title='bbox 1199 342 1288 394; x_wconf 86' lang='grc' dir='ltr'>περὶ</span> <span class='ocrx_word' id='word_1_22' title='bbox 1316 345 1394 382; x_wconf 86' lang='grc' dir='ltr'>τῶν</span> <span class='ocrx_word' id='word_1_23' title='bbox 1419 342 1492 396; x_wconf 84' lang='grc' dir='ltr'>οὐχ</span> 
     </span>
     <span class='ocr_line' id='line_1_4' title="bbox 161 410 955 463; baseline 0 -15"><span class='ocrx_word' id='word_1_24' title='bbox 161 410 306 460; x_wconf 87' lang='grc' dir='ltr'>ὁμοίων</span> <span class='ocrx_word' id='word_1_25' title='bbox 331 410 455 463; x_wconf 79' lang='grc' dir='ltr'>τούτῳ</span> <span class='ocrx_word' id='word_1_26' title='bbox 481 411 545 449; x_wconf 76' lang='grc' dir='ltr'>διὰ</span> <span class='ocrx_word' id='word_1_27' title='bbox 570 413 710 450; x_wconf 83' lang='grc' dir='ltr'>τοῦτον</span> <span class='ocrx_word' id='word_1_28' title='bbox 737 410 955 461; x_wconf 87' lang='grc' dir='ltr'>γίγνονται.</span> 
     </span>
     <span class='ocr_line' id='line_1_5' title="bbox 227 473 1567 527; baseline -0.001 -11"><span class='ocrx_word' id='word_1_29' title='bbox 227 475 378 516; x_wconf 83' lang='grc' dir='ltr'>Λοιπὸν</span> <span class='ocrx_word' id='word_1_30' title='bbox 410 477 542 517; x_wconf 82' lang='grc' dir='ltr'>τοίνυν</span> <span class='ocrx_word' id='word_1_31' title='bbox 573 477 697 521; x_wconf 84' lang='grc' dir='ltr'>ἐστίν,</span> <span class='ocrx_word' id='word_1_32' title='bbox 728 473 757 515; x_wconf 71' lang='grc' dir='ltr'><strong>ὦ</strong></span> <span class='ocrx_word' id='word_1_33' title='bbox 787 475 924 527; x_wconf 82' lang='grc' dir='ltr'>ἄνδρες</span> <span class='ocrx_word' id='word_1_34' title='bbox 949 475 1165 525; x_wconf 84' lang='grc' dir='ltr'>Ἀθηναῖοι,</span> <span class='ocrx_word' id='word_1_35' title='bbox 1192 478 1275 517; x_wconf 85' lang='grc' dir='ltr'>τοῖς</span> <span class='ocrx_word' id='word_1_36' title='bbox 1307 475 1490 516; x_wconf 86' lang='grc' dir='ltr'>ἆπαλλα-</span> <span class='ocrx_word' id='word_1_37' title='bbox 1524 490 1567 524; x_wconf 82' lang='lat'>92</span> 
     </span>
     <span class='ocr_line' id='line_1_6' title="bbox 122 542 1493 595; baseline 0.001 -12"><span class='ocrx_word' id='word_1_38' title='bbox 122 560 139 591; x_wconf 81' lang='lat'><strong>5</strong></span> <span class='ocrx_word' id='word_1_39' title='bbox 160 544 277 595; x_wconf 87' lang='grc' dir='ltr'>γῆναι</span> <span class='ocrx_word' id='word_1_40' title='bbox 324 542 587 593; x_wconf 82' lang='grc' dir='ltr'>βουλομένοις</span> <span class='ocrx_word' id='word_1_41' title='bbox 629 542 783 588; x_wconf 86' lang='grc' dir='ltr'>τούτου,</span> <span class='ocrx_word' id='word_1_42' title='bbox 829 542 999 593; x_wconf 85' lang='grc' dir='ltr'>ἀδίκημα</span> <span class='ocrx_word' id='word_1_43' title='bbox 1046 544 1178 594; x_wconf 81' lang='grc' dir='ltr'>σαφὲς</span> <span class='ocrx_word' id='word_1_44' title='bbox 1221 542 1283 582; x_wconf 90' lang='grc' dir='ltr'>καὶ</span> <span class='ocrx_word' id='word_1_45' title='bbox 1330 543 1493 595; x_wconf 82' lang='grc' dir='ltr'>ἐναργὲς</span> 
     </span>
     <span class='ocr_line' id='line_1_7' title="bbox 161 607 1491 662; baseline 0.001 -13"><span class='ocrx_word' id='word_1_46' title='bbox 161 609 327 662; x_wconf 83' lang='grc' dir='ltr'>ἔχοντας</span> <span class='ocrx_word' id='word_1_47' title='bbox 353 610 396 649; x_wconf 85' lang='grc' dir='ltr'>ἐκ</span> <span class='ocrx_word' id='word_1_48' title='bbox 420 612 498 649; x_wconf 82' lang='grc' dir='ltr'>τῶν</span> <span class='ocrx_word' id='word_1_49' title='bbox 524 610 668 659; x_wconf 86' lang='grc' dir='ltr'>νόμων,</span> <span class='ocrx_word' id='word_1_50' title='bbox 695 607 876 659; x_wconf 87' lang='grc' dir='ltr'>μάλιστα</span> <span class='ocrx_word' id='word_1_51' title='bbox 899 610 972 659; x_wconf 81' lang='grc' dir='ltr'>μὲν</span> <span class='ocrx_word' id='word_1_52' title='bbox 997 608 1099 662; x_wconf 80' lang='grc' dir='ltr'>αὐτῷ</span> <span class='ocrx_word' id='word_1_53' title='bbox 1126 608 1296 648; x_wconf 86' lang='grc' dir='ltr'>θανάτου</span> <span class='ocrx_word' id='word_1_54' title='bbox 1313 611 1491 659; x_wconf 86' lang='grc' dir='ltr'>τιμῆσαι,</span> 
     </span>
     <span class='ocr_line' id='line_1_8' title="bbox 161 674 1492 728; baseline -0.001 -12"><span class='ocrx_word' id='word_1_55' title='bbox 161 677 195 716; x_wconf 81' lang='grc' dir='ltr'>εἰ</span> <span class='ocrx_word' id='word_1_56' title='bbox 231 677 272 716; x_wconf 81' lang='grc' dir='ltr'>δὲ</span> <span class='ocrx_word' id='word_1_57' title='bbox 306 674 374 727; x_wconf 88' lang='grc' dir='ltr'>μή,</span> <span class='ocrx_word' id='word_1_58' title='bbox 410 679 600 716; x_wconf 85' lang='grc' dir='ltr'>τοσοῦτον</span> <span class='ocrx_word' id='word_1_59' title='bbox 634 676 839 716; x_wconf 84' lang='grc' dir='ltr'>ἀναθεῖναι</span> <span class='ocrx_word' id='word_1_60' title='bbox 873 677 1022 726; x_wconf 85' lang='grc' dir='ltr'>τίμημα</span> <span class='ocrx_word' id='word_1_61' title='bbox 1058 674 1271 728; x_wconf 86' lang='grc' dir='ltr'>χρημάτων</span> <span class='ocrx_word' id='word_1_62' title='bbox 1307 676 1407 716; x_wconf 85' lang='grc' dir='ltr'>ὅσον</span> <span class='ocrx_word' id='word_1_63' title='bbox 1439 676 1492 727; x_wconf 78' lang='grc' dir='ltr'>μὴ</span> 
     </span>
     <span class='ocr_line' id='line_1_9' title="bbox 160 740 1490 794; baseline 0.001 -12"><span class='ocrx_word' id='word_1_64' title='bbox 160 740 369 792; x_wconf 88' lang='grc' dir='ltr'>δυνήσεται</span> <span class='ocrx_word' id='word_1_65' title='bbox 401 740 551 794; x_wconf 89' lang='grc' dir='ltr'>φέρειν·</span> <span class='ocrx_word' id='word_1_66' title='bbox 591 741 698 793; x_wconf 84' lang='grc' dir='ltr'>ἄλλη</span> <span class='ocrx_word' id='word_1_67' title='bbox 733 744 809 794; x_wconf 80' lang='grc' dir='ltr'>γὰρ</span> <span class='ocrx_word' id='word_1_68' title='bbox 843 741 912 781; x_wconf 86' lang='grc' dir='ltr'>οὐκ</span> <span class='ocrx_word' id='word_1_69' title='bbox 946 742 1058 782; x_wconf 85' lang='grc' dir='ltr'>ἔστιν</span> <span class='ocrx_word' id='word_1_70' title='bbox 1092 741 1307 794; x_wconf 78' lang='grc' dir='ltr'>ἀπαλλαγὴ</span> <span class='ocrx_word' id='word_1_71' title='bbox 1340 743 1490 789; x_wconf 86' lang='grc' dir='ltr'>τούτου,</span> 
     </span>
     <span class='ocr_line' id='line_1_10' title="bbox 161 806 1566 861; baseline 0.002 -14"><span class='ocrx_word' id='word_1_72' title='bbox 161 812 303 861; x_wconf 85' lang='grc' dir='ltr'>σαφῶς</span> <span class='ocrx_word' id='word_1_73' title='bbox 327 809 562 849; x_wconf 83' lang='grc' dir='ltr'>ἐπίστασθε.</span> <span class='ocrx_word' id='word_1_74' title='bbox 636 809 697 848; x_wconf 89' lang='grc' dir='ltr'>καὶ</span> <span class='ocrx_word' id='word_1_75' title='bbox 724 807 815 860; x_wconf 82' lang='grc' dir='ltr'>γάρ,</span> <span class='ocrx_word' id='word_1_76' title='bbox 843 806 873 848; x_wconf 72' lang='grc' dir='ltr'>ὦ</span> <span class='ocrx_word' id='word_1_77' title='bbox 903 808 1041 860; x_wconf 84' lang='grc' dir='ltr'>ἄνδρες</span> <span class='ocrx_word' id='word_1_78' title='bbox 1066 807 1281 858; x_wconf 88' lang='grc' dir='ltr'>Ἀθηναῖοι,</span> <span class='ocrx_word' id='word_1_79' title='bbox 1309 812 1386 849; x_wconf 84' lang='grc' dir='ltr'>τῶν</span> <span class='ocrx_word' id='word_1_80' title='bbox 1419 812 1492 860; x_wconf 83' lang='grc' dir='ltr'>μὲν</span> <span class='ocrx_word' id='word_1_81' title='bbox 1522 821 1566 856; x_wconf 83' lang='lat'>93</span> 
     </span>
     <span class='ocr_line' id='line_1_11' title="bbox 102 874 1639 928; baseline 0 -14"><span class='ocrx_word' id='word_1_82' title='bbox 102 893 140 915; x_wconf 88' lang='lat'>10</span> <span class='ocrx_word' id='word_1_83' title='bbox 159 875 295 915; x_wconf 84' lang='grc' dir='ltr'>ἄλλων</span> <span class='ocrx_word' id='word_1_84' title='bbox 311 876 529 927; x_wconf 83' lang='grc' dir='ltr'>ἀνθρώπων</span> <span class='ocrx_word' id='word_1_85' title='bbox 544 875 592 916; x_wconf 86' lang='grc' dir='ltr'>ἄν</span> <span class='ocrx_word' id='word_1_86' title='bbox 608 892 667 917; x_wconf 87' lang='grc' dir='ltr'>τις</span> <span class='ocrx_word' id='word_1_87' title='bbox 688 876 764 916; x_wconf 84' lang='grc' dir='ltr'>ἴδοι</span> <span class='ocrx_word' id='word_1_88' title='bbox 783 875 875 916; x_wconf 86' lang='grc' dir='ltr'>τοὺς</span> <span class='ocrx_word' id='word_1_89' title='bbox 892 877 965 926; x_wconf 83' lang='grc' dir='ltr'>μὲν</span> <span class='ocrx_word' id='word_1_90' title='bbox 984 875 1224 926; x_wconf 84' lang='grc' dir='ltr'>βελτίστους</span> <span class='ocrx_word' id='word_1_91' title='bbox 1245 875 1307 915; x_wconf 91' lang='grc' dir='ltr'>καὶ</span> <span class='ocrx_word' id='word_1_92' title='bbox 1326 892 1489 928; x_wconf 84' lang='grc' dir='ltr'>μετριω-</span> <span class='ocrx_word' id='word_1_93' title='bbox 1523 874 1639 928; x_wconf 85' lang='grc'><strong>[798]</strong></span> 
     </span>
     <span class='ocr_line' id='line_1_12' title="bbox 158 940 1492 998; baseline 0.001 -16"><span class='ocrx_word' id='word_1_94' title='bbox 158 940 298 983; x_wconf 88' lang='grc' dir='ltr'>τάτους</span> <span class='ocrx_word' id='word_1_95' title='bbox 323 941 417 998; x_wconf 76' lang='grc' dir='ltr'>αὐτῇ</span> <span class='ocrx_word' id='word_1_96' title='bbox 444 943 490 998; x_wconf 79' lang='grc' dir='ltr'>τῇ</span> <span class='ocrx_word' id='word_1_97' title='bbox 518 942 641 995; x_wconf 87' lang='grc' dir='ltr'>φύσει</span> <span class='ocrx_word' id='word_1_98' title='bbox 668 941 798 982; x_wconf 86' lang='grc' dir='ltr'>πάντα.</span> <span class='ocrx_word' id='word_1_99' title='bbox 825 945 1036 983; x_wconf 82' lang='grc' dir='ltr'>ποιοῦντας</span> <span class='ocrx_word' id='word_1_100' title='bbox 1065 942 1226 984; x_wconf 83' lang='grc' dir='ltr'>ἑκόντας</span> <span class='ocrx_word' id='word_1_101' title='bbox 1251 942 1275 982; x_wconf 77' lang='grc' dir='ltr'><strong><em>ἃ</em></strong></span> <span class='ocrx_word' id='word_1_102' title='bbox 1304 945 1374 988; x_wconf 85' lang='grc' dir='ltr'><em>δεῖ,</em></span> <span class='ocrx_word' id='word_1_103' title='bbox 1402 943 1492 984; x_wconf 79' lang='grc' dir='ltr'>τοὺς</span> 
     </span>
     <span class='ocr_line' id='line_1_13' title="bbox 158 1007 1489 1062; baseline 0.002 -14"><span class='ocrx_word' id='word_1_104' title='bbox 158 1011 199 1049; x_wconf 85' lang='grc' dir='ltr'>δὲ</span> <span class='ocrx_word' id='word_1_105' title='bbox 224 1009 380 1062; x_wconf 83' lang='grc' dir='ltr'>χείρους</span> <span class='ocrx_word' id='word_1_106' title='bbox 403 1010 476 1059; x_wconf 81' lang='grc' dir='ltr'>μὲν</span> <span class='ocrx_word' id='word_1_107' title='bbox 493 1009 656 1054; x_wconf 87' lang='grc' dir='ltr'>τούτων,</span> <span class='ocrx_word' id='word_1_108' title='bbox 679 1007 754 1059; x_wconf 79' lang='grc' dir='ltr'>ἔξω</span> <span class='ocrx_word' id='word_1_109' title='bbox 783 1011 825 1049; x_wconf 82' lang='grc' dir='ltr'>δὲ</span> <span class='ocrx_word' id='word_1_110' title='bbox 850 1012 919 1049; x_wconf 85' lang='grc' dir='ltr'>τοῦ</span> <span class='ocrx_word' id='word_1_111' title='bbox 943 1008 1137 1060; x_wconf 84' lang='grc' dir='ltr'>πονηροὺς</span> <span class='ocrx_word' id='word_1_112' title='bbox 1162 1008 1263 1060; x_wconf 82' lang='grc' dir='ltr'>ἄγαν</span> <span class='ocrx_word' id='word_1_113' title='bbox 1283 1011 1489 1059; x_wconf 82' lang='grc' dir='ltr'>κληθῆναι,</span> 
     </span>
     <span class='ocr_line' id='line_1_14' title="bbox 159 1075 1491 1130; baseline 0.002 -15"><span class='ocrx_word' id='word_1_114' title='bbox 159 1076 211 1130; x_wconf 76' lang='grc' dir='ltr'>τῷ</span> <span class='ocrx_word' id='word_1_115' title='bbox 244 1076 362 1130; x_wconf 84' lang='grc' dir='ltr'>φόβῳ</span> <span class='ocrx_word' id='word_1_116' title='bbox 389 1076 442 1130; x_wconf 77' lang='grc' dir='ltr'>τῷ</span> <span class='ocrx_word' id='word_1_117' title='bbox 476 1075 573 1127; x_wconf 85' lang='grc' dir='ltr'>πρὸς</span> <span class='ocrx_word' id='word_1_118' title='bbox 608 1076 708 1126; x_wconf 78' lang='grc' dir='ltr'>ὑμᾶς</span> <span class='ocrx_word' id='word_1_119' title='bbox 743 1075 805 1115; x_wconf 86' lang='grc' dir='ltr'>καὶ</span> <span class='ocrx_word' id='word_1_120' title='bbox 837 1075 890 1129; x_wconf 78' lang='grc' dir='ltr'>τῷ</span> <span class='ocrx_word' id='word_1_121' title='bbox 922 1078 1004 1121; x_wconf 82' lang='grc' dir='ltr'>τοῖς</span> <span class='ocrx_word' id='word_1_122' title='bbox 1040 1076 1223 1128; x_wconf 80' lang='grc' dir='ltr'>αἰσχροῖς</span> <span class='ocrx_word' id='word_1_123' title='bbox 1256 1075 1320 1116; x_wconf 83' lang='grc' dir='ltr'>καὶ</span> <span class='ocrx_word' id='word_1_124' title='bbox 1351 1076 1491 1128; x_wconf 81' lang='grc' dir='ltr'>λόγοις</span> 
     </span>
     <span class='ocr_line' id='line_1_15' title="bbox 158 1140 1490 1194; baseline 0.001 -12"><span class='ocrx_word' id='word_1_125' title='bbox 158 1142 222 1182; x_wconf 85' lang='grc' dir='ltr'>καὶ</span> <span class='ocrx_word' id='word_1_126' title='bbox 246 1142 442 1183; x_wconf 83' lang='grc' dir='ltr'>ὀνείδεσιν</span> <span class='ocrx_word' id='word_1_127' title='bbox 471 1143 613 1194; x_wconf 83' lang='grc' dir='ltr'>ἀλγεῖν</span> <span class='ocrx_word' id='word_1_128' title='bbox 642 1141 964 1193; x_wconf 84' lang='grc' dir='ltr'>εὐλαβουμένους</span> <span class='ocrx_word' id='word_1_129' title='bbox 994 1140 1288 1193; x_wconf 77' lang='grc' dir='ltr'>ἐξαμαρτάνειν·</span> <span class='ocrx_word' id='word_1_130' title='bbox 1326 1142 1416 1184; x_wconf 86' lang='grc' dir='ltr'>τοὺς</span> <span class='ocrx_word' id='word_1_131' title='bbox 1449 1145 1490 1183; x_wconf 87' lang='grc' dir='ltr'>δὲ</span> 
     </span>
     <span class='ocr_line' id='line_1_16' title="bbox 99 1208 1486 1262; baseline 0.001 -14"><span class='ocrx_word' id='word_1_132' title='bbox 99 1225 135 1256; x_wconf 76' lang='lat'>15</span> <span class='ocrx_word' id='word_1_133' title='bbox 157 1208 446 1262; x_wconf 85' lang='grc' dir='ltr'>πονηροτάτους</span> <span class='ocrx_word' id='word_1_134' title='bbox 483 1209 545 1249; x_wconf 88' lang='grc' dir='ltr'>καὶ</span> <span class='ocrx_word' id='word_1_135' title='bbox 583 1208 816 1261; x_wconf 82' lang='grc' dir='ltr'>ἐξαγίστους</span> <span class='ocrx_word' id='word_1_136' title='bbox 851 1208 1164 1259; x_wconf 77' lang='grc' dir='ltr'>ὀνομαζομένους</span> <span class='ocrx_word' id='word_1_137' title='bbox 1200 1208 1269 1250; x_wconf 83' lang='grc' dir='ltr'>τάς</span> <span class='ocrx_word' id='word_1_138' title='bbox 1306 1225 1351 1260; x_wconf 85' lang='grc' dir='ltr'>γε</span> <span class='ocrx_word' id='word_1_139' title='bbox 1388 1226 1486 1260; x_wconf 88' lang='grc' dir='ltr'>συμ-</span> 
     </span>
     <span class='ocr_line' id='line_1_17' title="bbox 156 1274 1565 1328; baseline 0.001 -13"><span class='ocrx_word' id='word_1_140' title='bbox 156 1277 284 1327; x_wconf 77' lang='grc' dir='ltr'>φορὰς</span> <span class='ocrx_word' id='word_1_141' title='bbox 308 1276 572 1328; x_wconf 77' lang='grc' dir='ltr'>σωφρονίζειν</span> <span class='ocrx_word' id='word_1_142' title='bbox 597 1274 801 1328; x_wconf 86' lang='grc' dir='ltr'>λέγουσιν.</span> <span class='ocrx_word' id='word_1_143' title='bbox 865 1275 1005 1315; x_wconf 85' lang='grc' dir='ltr'>οὑτοσὶ</span> <span class='ocrx_word' id='word_1_144' title='bbox 1024 1276 1154 1316; x_wconf 88' lang='grc' dir='ltr'>τοίνυν</span> <span class='ocrx_word' id='word_1_145' title='bbox 1180 1274 1490 1328; x_wconf 79' lang='grc' dir='ltr'>Ἀριστογείτων</span> <span class='ocrx_word' id='word_1_146' title='bbox 1520 1291 1565 1324; x_wconf 77' lang='grc'>94</span> 
     </span>
     <span class='ocr_line' id='line_1_18' title="bbox 156 1341 1488 1396; baseline 0.002 -15"><span class='ocrx_word' id='word_1_147' title='bbox 156 1345 347 1383; x_wconf 85' lang='grc' dir='ltr'>τοσοῦτον</span> <span class='ocrx_word' id='word_1_148' title='bbox 372 1343 589 1395; x_wconf 82' lang='grc' dir='ltr'>ὑπερῆρκεν</span> <span class='ocrx_word' id='word_1_149' title='bbox 620 1341 795 1384; x_wconf 82' lang='grc' dir='ltr'>ἅπαντας</span> <span class='ocrx_word' id='word_1_150' title='bbox 830 1342 1060 1395; x_wconf 86' lang='grc' dir='ltr'>ἀνθρώπους</span> <span class='ocrx_word' id='word_1_151' title='bbox 1087 1343 1254 1396; x_wconf 80' lang='grc' dir='ltr'>πονηρίᾳ</span> <span class='ocrx_word' id='word_1_152' title='bbox 1278 1342 1374 1383; x_wconf 85' lang='grc' dir='ltr'>ὥστ’</span> <span class='ocrx_word' id='word_1_153' title='bbox 1400 1343 1488 1384; x_wconf 78' lang='grc' dir='ltr'>οὐδὲ</span> 
     </span>
     <span class='ocr_line' id='line_1_19' title="bbox 157 1407 1484 1460; baseline 0 -10"><span class='ocrx_word' id='word_1_154' title='bbox 157 1410 293 1450; x_wconf 85' lang='grc' dir='ltr'>παθὼν</span> <span class='ocrx_word' id='word_1_155' title='bbox 318 1408 567 1459; x_wconf 82' lang='grc' dir='ltr'>ἐνουθετήθη,</span> <span class='ocrx_word' id='word_1_156' title='bbox 590 1408 681 1450; x_wconf 83' lang='grc' dir='ltr'>ἀλλ’</span> <span class='ocrx_word' id='word_1_157' title='bbox 702 1410 766 1450; x_wconf 83' lang='grc' dir='ltr'>ἐπὶ</span> <span class='ocrx_word' id='word_1_158' title='bbox 787 1412 868 1450; x_wconf 86' lang='grc' dir='ltr'>τοῖς</span> <span class='ocrx_word' id='word_1_159' title='bbox 894 1409 1024 1451; x_wconf 81' lang='grc' dir='ltr'>αὐτοῖς</span> <span class='ocrx_word' id='word_1_160' title='bbox 1049 1407 1264 1460; x_wconf 77' lang='grc' dir='ltr'>ἀδικήμασι</span> <span class='ocrx_word' id='word_1_161' title='bbox 1283 1409 1346 1449; x_wconf 87' lang='grc' dir='ltr'>καὶ</span> <span class='ocrx_word' id='word_1_162' title='bbox 1366 1416 1484 1450; x_wconf 65' lang='grc' dir='ltr'>πλεο·</span> 
     </span>
     <span class='ocr_line' id='line_1_20' title="bbox 155 1475 1488 1530; baseline 0.002 -15"><span class='ocrx_word' id='word_1_163' title='bbox 155 1475 395 1528; x_wconf 88' lang='grc' dir='ltr'>νεκτήμασιν</span> <span class='ocrx_word' id='word_1_164' title='bbox 422 1475 542 1517; x_wconf 88' lang='grc' dir='ltr'>πάλιν</span> <span class='ocrx_word' id='word_1_165' title='bbox 576 1477 772 1526; x_wconf 82' lang='grc' dir='ltr'>εἴληπται.</span> <span class='ocrx_word' id='word_1_166' title='bbox 846 1476 909 1516; x_wconf 86' lang='grc' dir='ltr'>καὶ</span> <span class='ocrx_word' id='word_1_167' title='bbox 942 1477 1120 1530; x_wconf 84' lang='grc' dir='ltr'>τοσούτῳ</span> <span class='ocrx_word' id='word_1_168' title='bbox 1154 1476 1337 1517; x_wconf 87' lang='grc' dir='ltr'>πλείονος</span> <span class='ocrx_word' id='word_1_169' title='bbox 1367 1477 1488 1529; x_wconf 87' lang='grc' dir='ltr'>ὀργῆς</span> 
     </span>
     <span class='ocr_line' id='line_1_21' title="bbox 97 1539 1486 1597; baseline 0.001 -16"><span class='ocrx_word' id='word_1_170' title='bbox 97 1559 136 1581; x_wconf 86' lang='lat'>20</span> <span class='ocrx_word' id='word_1_171' title='bbox 155 1542 265 1594; x_wconf 78' lang='grc' dir='ltr'>ἄξιός</span> <span class='ocrx_word' id='word_1_172' title='bbox 295 1544 404 1584; x_wconf 82' lang='grc' dir='ltr'>ἐστιν</span> <span class='ocrx_word' id='word_1_173' title='bbox 435 1546 503 1584; x_wconf 83' lang='grc' dir='ltr'>νῦν</span> <span class='ocrx_word' id='word_1_174' title='bbox 531 1539 554 1592; x_wconf 86' lang='grc' dir='ltr'>ἢ</span> <span class='ocrx_word' id='word_1_175' title='bbox 586 1543 789 1595; x_wconf 83' lang='grc' dir='ltr'>πρότερον,</span> <span class='ocrx_word' id='word_1_176' title='bbox 818 1543 902 1597; x_wconf 78' lang='grc' dir='ltr'>ὅσῳ</span> <span class='ocrx_word' id='word_1_177' title='bbox 932 1543 1023 1583; x_wconf 89' lang='grc' dir='ltr'>τότε</span> <span class='ocrx_word' id='word_1_178' title='bbox 1054 1544 1127 1594; x_wconf 78' lang='grc' dir='ltr'>μὲν</span> <span class='ocrx_word' id='word_1_179' title='bbox 1160 1541 1331 1595; x_wconf 86' lang='grc' dir='ltr'>γράφειν</span> <span class='ocrx_word' id='word_1_180' title='bbox 1362 1543 1486 1593; x_wconf 78' lang='grc' dir='ltr'>μόνον</span> 
     </span>
     <span class='ocr_line' id='line_1_22' title="bbox 155 1608 1482 1664; baseline 0 -14"><span class='ocrx_word' id='word_1_181' title='bbox 155 1609 250 1664; x_wconf 79' lang='grc' dir='ltr'>ᾤετο</span> <span class='ocrx_word' id='word_1_182' title='bbox 270 1612 352 1651; x_wconf 84' lang='grc' dir='ltr'>δεῖν</span> <span class='ocrx_word' id='word_1_183' title='bbox 371 1611 475 1661; x_wconf 79' lang='grc' dir='ltr'>παρὰ</span> <span class='ocrx_word' id='word_1_184' title='bbox 494 1609 585 1652; x_wconf 88' lang='grc' dir='ltr'>τοὺς</span> <span class='ocrx_word' id='word_1_185' title='bbox 605 1610 759 1660; x_wconf 83' lang='grc' dir='ltr'>νόμους,</span> <span class='ocrx_word' id='word_1_186' title='bbox 785 1610 868 1650; x_wconf 89' lang='grc' dir='ltr'>νυνὶ</span> <span class='ocrx_word' id='word_1_187' title='bbox 894 1611 935 1650; x_wconf 83' lang='grc' dir='ltr'>δὲ</span> <span class='ocrx_word' id='word_1_188' title='bbox 956 1608 1085 1650; x_wconf 89' lang='grc' dir='ltr'>πάντα</span> <span class='ocrx_word' id='word_1_189' title='bbox 1103 1613 1245 1656; x_wconf 83' lang='grc' dir='ltr'>ποιεῖν,</span> <span class='ocrx_word' id='word_1_190' title='bbox 1267 1610 1482 1655; x_wconf 78' lang='grc' dir='ltr'>αἰτιᾶσθαι,</span> 
     </span>
     <span class='ocr_line' id='line_1_23' title="bbox 153 1675 1481 1730; baseline 0.001 -14"><span class='ocrx_word' id='word_1_191' title='bbox 153 1676 304 1729; x_wconf 86' lang='grc' dir='ltr'>λέγειν,</span> <span class='ocrx_word' id='word_1_192' title='bbox 330 1676 580 1727; x_wconf 84' lang='grc' dir='ltr'>διαβάλλειν,</span> <span class='ocrx_word' id='word_1_193' title='bbox 608 1680 887 1730; x_wconf 84' lang='grc' dir='ltr'>βλασφημεῖν,</span> <span class='ocrx_word' id='word_1_194' title='bbox 918 1675 1088 1717; x_wconf 88' lang='grc' dir='ltr'>θανάτου</span> <span class='ocrx_word' id='word_1_195' title='bbox 1115 1678 1318 1727; x_wconf 77' lang='grc' dir='ltr'>τιμᾶσθαι,</span> <span class='ocrx_word' id='word_1_196' title='bbox 1345 1678 1481 1729; x_wconf 83' lang='grc' dir='ltr'>εἰσαγ-</span> 
     </span>
     <span class='ocr_line' id='line_1_24' title="bbox 155 1742 1483 1798; baseline -0.001 -14"><span class='ocrx_word' id='word_1_197' title='bbox 155 1743 332 1795; x_wconf 83' lang='grc' dir='ltr'>γέλλειν,</span> <span class='ocrx_word' id='word_1_198' title='bbox 378 1747 610 1795; x_wconf 88' lang='grc' dir='ltr'>κακολογεῖν</span> <span class='ocrx_word' id='word_1_199' title='bbox 656 1743 747 1786; x_wconf 84' lang='grc' dir='ltr'>τοὺς</span> <span class='ocrx_word' id='word_1_200' title='bbox 795 1744 996 1794; x_wconf 84' lang='grc' dir='ltr'>ἐπιτίμους</span> <span class='ocrx_word' id='word_1_201' title='bbox 1044 1742 1158 1785; x_wconf 82' lang='grc' dir='ltr'>αὐτὸς</span> <span class='ocrx_word' id='word_1_202' title='bbox 1205 1743 1384 1796; x_wconf 87' lang='grc' dir='ltr'>ὀφείλων</span> <span class='ocrx_word' id='word_1_203' title='bbox 1431 1748 1483 1798; x_wconf 83' lang='grc' dir='ltr'>τῷ</span> 
     </span>
     <span class='ocr_line' id='line_1_25' title="bbox 153 1809 1556 1865; baseline 0.001 -16"><span class='ocrx_word' id='word_1_204' title='bbox 153 1812 344 1865; x_wconf 78' lang='grc' dir='ltr'>δημοσίῳ·</span> <span class='ocrx_word' id='word_1_205' title='bbox 381 1810 521 1851; x_wconf 88' lang='grc' dir='ltr'>τούτου</span> <span class='ocrx_word' id='word_1_206' title='bbox 556 1811 631 1862; x_wconf 79' lang='grc' dir='ltr'>γὰρ</span> <span class='ocrx_word' id='word_1_207' title='bbox 665 1809 779 1851; x_wconf 85' lang='grc' dir='ltr'>οὐδέν</span> <span class='ocrx_word' id='word_1_208' title='bbox 809 1811 897 1850; x_wconf 81' lang='grc' dir='ltr'>ἐστι</span> <span class='ocrx_word' id='word_1_209' title='bbox 934 1810 1167 1862; x_wconf 89' lang='grc' dir='ltr'>δεινότερον.</span> <span class='ocrx_word' id='word_1_210' title='bbox 1238 1809 1282 1850; x_wconf 89' lang='grc' dir='ltr'>τὸ</span> <span class='ocrx_word' id='word_1_211' title='bbox 1313 1812 1384 1861; x_wconf 81' lang='grc' dir='ltr'>μὲν</span> <span class='ocrx_word' id='word_1_212' title='bbox 1417 1811 1484 1851; x_wconf 66' lang='grc' dir='ltr'>οὖν</span> <span class='ocrx_word' id='word_1_213' title='bbox 1515 1824 1556 1859; x_wconf 88' lang='grc'>95</span> 
     </span>
     <span class='ocr_line' id='line_1_26' title="bbox 96 1876 1485 1929; baseline 0.001 -12"><span class='ocrx_word' id='word_1_214' title='bbox 96 1892 133 1923; x_wconf 84' lang='lat'>25</span> <span class='ocrx_word' id='word_1_215' title='bbox 153 1878 353 1918; x_wconf 83' lang='grc' dir='ltr'>νουθετεῖν</span> <span class='ocrx_word' id='word_1_216' title='bbox 389 1881 529 1918; x_wconf 83' lang='grc' dir='ltr'>τοῦτον</span> <span class='ocrx_word' id='word_1_217' title='bbox 565 1877 698 1927; x_wconf 87' lang='grc' dir='ltr'>μανία·</span> <span class='ocrx_word' id='word_1_218' title='bbox 751 1876 793 1919; x_wconf 86' lang='grc' dir='ltr'>ὃς</span> <span class='ocrx_word' id='word_1_219' title='bbox 831 1879 908 1929; x_wconf 81' lang='grc' dir='ltr'>γὰρ</span> <span class='ocrx_word' id='word_1_220' title='bbox 944 1877 1002 1919; x_wconf 79' lang='grc' dir='ltr'>οἷς</span> <span class='ocrx_word' id='word_1_221' title='bbox 1041 1877 1061 1916; x_wconf 90' lang='grc' dir='ltr'><em>ὁ</em></span> <span class='ocrx_word' id='word_1_222' title='bbox 1099 1879 1220 1927; x_wconf 85' lang='grc' dir='ltr'>δῆμος</span> <span class='ocrx_word' id='word_1_223' title='bbox 1255 1876 1358 1919; x_wconf 81' lang='grc' dir='ltr'>ἅπας</span> <span class='ocrx_word' id='word_1_224' title='bbox 1395 1877 1485 1919; x_wconf 80' lang='grc' dir='ltr'>τοὺς</span> 
     </span>
     <span class='ocr_line' id='line_1_27' title="bbox 155 1943 1484 1997; baseline 0.002 -15"><span class='ocrx_word' id='word_1_225' title='bbox 155 1945 419 1997; x_wconf 83' lang='grc' dir='ltr'>ἐνοχλοῦντας</span> <span class='ocrx_word' id='word_1_226' title='bbox 456 1943 595 1984; x_wconf 81' lang='grc' dir='ltr'>ἑαυτὸν</span> <span class='ocrx_word' id='word_1_227' title='bbox 631 1945 809 1984; x_wconf 89' lang='grc' dir='ltr'>νουθετεῖ</span> <span class='ocrx_word' id='word_1_228' title='bbox 844 1943 1030 1995; x_wconf 87' lang='grc' dir='ltr'>θορύβοις</span> <span class='ocrx_word' id='word_1_229' title='bbox 1065 1943 1317 1994; x_wconf 84' lang='grc' dir='ltr'>μηδεπώποθ’</span> <span class='ocrx_word' id='word_1_230' title='bbox 1349 1943 1484 1994; x_wconf 82' lang='grc' dir='ltr'>ὑπεῖξε</span> 
     </span>
     <span class='ocr_line' id='line_1_28' title="bbox 153 2009 1483 2063; baseline 0.001 -13"><span class='ocrx_word' id='word_1_231' title='bbox 153 2012 250 2060; x_wconf 84' lang='grc' dir='ltr'>μηδὲ</span> <span class='ocrx_word' id='word_1_232' title='bbox 289 2009 489 2063; x_wconf 86' lang='grc' dir='ltr'>διετράπη,</span> <span class='ocrx_word' id='word_1_233' title='bbox 527 2010 629 2063; x_wconf 85' lang='grc' dir='ltr'>ταχύ</span> <span class='ocrx_word' id='word_1_234' title='bbox 666 2009 704 2063; x_wconf 79' lang='grc' dir='ltr'>γ’</span> <span class='ocrx_word' id='word_1_235' title='bbox 741 2010 790 2051; x_wconf 81' lang='grc' dir='ltr'>ἂν</span> <span class='ocrx_word' id='word_1_236' title='bbox 828 2009 1058 2062; x_wconf 88' lang='grc' dir='ltr'>φροντίσειέ</span> <span class='ocrx_word' id='word_1_237' title='bbox 1092 2027 1130 2050; x_wconf 92' lang='grc' dir='ltr'>τι</span> <span class='ocrx_word' id='word_1_238' title='bbox 1164 2014 1234 2050; x_wconf 82' lang='grc' dir='ltr'>τοῦ</span> <span class='ocrx_word' id='word_1_239' title='bbox 1269 2010 1360 2062; x_wconf 87' lang='grc' dir='ltr'>παρ’</span> <span class='ocrx_word' id='word_1_240' title='bbox 1397 2012 1483 2052; x_wconf 81' lang='grc' dir='ltr'>ἑνὸς</span> 
     </span>
     <span class='ocr_line' id='line_1_29' title="bbox 153 2076 1483 2129; baseline 0.002 -14"><span class='ocrx_word' id='word_1_241' title='bbox 153 2077 290 2129; x_wconf 90' lang='grc' dir='ltr'>λόγου.</span> <span class='ocrx_word' id='word_1_242' title='bbox 351 2078 525 2127; x_wconf 83' lang='grc' dir='ltr'>ἀνίατον,</span> <span class='ocrx_word' id='word_1_243' title='bbox 553 2078 729 2123; x_wconf 86' lang='grc' dir='ltr'>ἀνίατον,</span> <span class='ocrx_word' id='word_1_244' title='bbox 756 2076 894 2128; x_wconf 83' lang='grc' dir='ltr'>ἄνδρες</span> <span class='ocrx_word' id='word_1_245' title='bbox 919 2076 1138 2127; x_wconf 88' lang='grc' dir='ltr'>Ἀθηναῖοι,</span> <span class='ocrx_word' id='word_1_246' title='bbox 1158 2076 1204 2116; x_wconf 88' lang='grc' dir='ltr'>τὸ</span> <span class='ocrx_word' id='word_1_247' title='bbox 1229 2076 1376 2129; x_wconf 75' lang='grc' dir='ltr'>πρᾶγμ’</span> <span class='ocrx_word' id='word_1_248' title='bbox 1396 2077 1483 2117; x_wconf 88' lang='grc' dir='ltr'>ἔστι</span> 
     </span>
     <span class='ocr_line' id='line_1_30' title="bbox 153 2143 1483 2196; baseline 0.002 -14"><span class='ocrx_word' id='word_1_249' title='bbox 153 2143 198 2182; x_wconf 90' lang='grc' dir='ltr'>τὸ</span> <span class='ocrx_word' id='word_1_250' title='bbox 222 2144 373 2184; x_wconf 86' lang='grc' dir='ltr'>τούτου.</span> <span class='ocrx_word' id='word_1_251' title='bbox 435 2147 496 2184; x_wconf 88' lang='grc' dir='ltr'>δεῖ</span> <span class='ocrx_word' id='word_1_252' title='bbox 518 2144 564 2194; x_wconf 80' lang='grc' dir='ltr'>δὴ</span> <span class='ocrx_word' id='word_1_253' title='bbox 590 2143 756 2190; x_wconf 87' lang='grc' dir='ltr'>πάντας,</span> <span class='ocrx_word' id='word_1_254' title='bbox 783 2144 920 2195; x_wconf 83' lang='grc' dir='ltr'>ὥσπερ</span> <span class='ocrx_word' id='word_1_255' title='bbox 946 2144 983 2183; x_wconf 81' lang='grc' dir='ltr'>οἱ</span> <span class='ocrx_word' id='word_1_256' title='bbox 1009 2144 1147 2195; x_wconf 83' lang='grc' dir='ltr'>ἰατροί,</span> <span class='ocrx_word' id='word_1_257' title='bbox 1174 2144 1269 2184; x_wconf 85' lang='grc' dir='ltr'>ὅταν</span> <span class='ocrx_word' id='word_1_258' title='bbox 1300 2145 1483 2196; x_wconf 88' lang='grc' dir='ltr'>καρκίνον</span> 
     </span>
     <span class='ocr_line' id='line_1_31' title="bbox 92 2206 1483 2262; baseline 0 -12"><span class='ocrx_word' id='word_1_259' title='bbox 92 2206 176 2260; x_wconf 74' lang='grc' dir='ltr'>3,οῆ</span> <span class='ocrx_word' id='word_1_260' title='bbox 202 2209 450 2262; x_wconf 90' lang='grc' dir='ltr'>φαγέδαιναν</span> <span class='ocrx_word' id='word_1_261' title='bbox 480 2207 503 2260; x_wconf 86' lang='grc' dir='ltr'>ἢ</span> <span class='ocrx_word' id='word_1_262' title='bbox 533 2213 612 2250; x_wconf 85' lang='grc' dir='ltr'>τῶν</span> <span class='ocrx_word' id='word_1_263' title='bbox 641 2209 811 2250; x_wconf 80' lang='grc' dir='ltr'>ἀνιάτων</span> <span class='ocrx_word' id='word_1_264' title='bbox 844 2226 882 2249; x_wconf 91' lang='grc' dir='ltr'>τι</span> <span class='ocrx_word' id='word_1_265' title='bbox 915 2213 1042 2250; x_wconf 80' lang='grc' dir='ltr'>κακῶν</span> <span class='ocrx_word' id='word_1_266' title='bbox 1075 2211 1226 2261; x_wconf 73' lang='grc' dir='ltr'>ἴδωσιν,</span> <span class='ocrx_word' id='word_1_267' title='bbox 1253 2209 1483 2251; x_wconf 82' lang='grc' dir='ltr'>ἀπέκαυσαν</span> 
     </span>
    </p>
   </div>
   <div class='ocr_carea' id='block_1_3' title="bbox 154 2318 1484 2488">
    <p class='ocr_par' dir='ltr' id='par_1_3' title="bbox 154 2318 1484 2488">
     <span class='ocr_line' id='line_1_32' title="bbox 200 2318 1484 2361; baseline 0.001 -12"><span class='ocrx_word' id='word_1_268' title='bbox 200 2329 213 2349; x_wconf 82' lang='lat'>1</span> <span class='ocrx_word' id='word_1_269' title='bbox 242 2321 388 2351; x_wconf 82' lang='grc' dir='ltr'>ἑκαστων</span> <span class='ocrx_word' id='word_1_270' title='bbox 405 2318 443 2349; x_wconf 82' lang='lat' dir='ltr'>S¹</span> <span class='ocrx_word' id='word_1_271' title='bbox 459 2330 464 2350; x_wconf 88' lang='lat'>:</span> <span class='ocrx_word' id='word_1_272' title='bbox 492 2320 631 2351; x_wconf 83' lang='grc' dir='ltr'>ἑκαστον</span> <span class='ocrx_word' id='word_1_273' title='bbox 649 2319 672 2349; x_wconf 88' lang='lat' dir='ltr'>S</span> <span class='ocrx_word' id='word_1_274' title='bbox 690 2329 776 2349; x_wconf 79' lang='lat' dir='ltr'>corr.</span> <span class='ocrx_word' id='word_1_275' title='bbox 797 2318 827 2348; x_wconf 93' lang='lat' dir='ltr'><strong>Y</strong></span> <span class='ocrx_word' id='word_1_276' title='bbox 840 2318 870 2349; x_wconf 94' lang='grc' dir='ltr'>Ο</span> <span class='ocrx_word' id='word_1_277' title='bbox 1022 2328 1041 2358; x_wconf 88' lang='lat'>5</span> <span class='ocrx_word' id='word_1_278' title='bbox 1067 2319 1221 2359; x_wconf 50' lang='grc' dir='ltr'>ἆδίκημαῖ</span> <span class='ocrx_word' id='word_1_279' title='bbox 1240 2319 1441 2361; x_wconf 76' lang='grc' dir='ltr'>παράδειγμα</span> <span class='ocrx_word' id='word_1_280' title='bbox 1460 2320 1484 2350; x_wconf 81' lang='lat' dir='ltr'>F</span> 
     </span>
     <span class='ocr_line' id='line_1_33' title="bbox 155 2361 1484 2403; baseline 0.001 -9"><span class='ocrx_word' id='word_1_281' title='bbox 155 2372 172 2400; x_wconf 95' lang='lat'><strong>7</strong></span> <span class='ocrx_word' id='word_1_282' title='bbox 207 2363 366 2395; x_wconf 81' lang='grc' dir='ltr'>ἀναθεῖναι</span> <span class='ocrx_word' id='word_1_283' title='bbox 396 2363 440 2393; x_wconf 77' lang='lat' dir='ltr'>S:</span> <span class='ocrx_word' id='word_1_284' title='bbox 478 2364 629 2394; x_wconf 84' lang='grc' dir='ltr'>ἐπιθεῖναι</span> <span class='ocrx_word' id='word_1_285' title='bbox 658 2362 746 2401; x_wconf 88' lang='lat' dir='ltr'>vulg.</span> <span class='ocrx_word' id='word_1_286' title='bbox 780 2361 803 2392; x_wconf 86' lang='lat' dir='ltr'>S</span> <span class='ocrx_word' id='word_1_287' title='bbox 830 2373 904 2403; x_wconf 72' lang='grc' dir='ltr'>γρ.ῖ</span> <span class='ocrx_word' id='word_1_288' title='bbox 944 2364 1156 2394; x_wconf 77' lang='grc' dir='ltr'>ἐπιαναθεῖναι</span> <span class='ocrx_word' id='word_1_289' title='bbox 1185 2362 1215 2392; x_wconf 82' lang='grc' dir='ltr'>Υ</span> <span class='ocrx_word' id='word_1_290' title='bbox 1303 2363 1364 2403; x_wconf 79' lang='grc' dir='ltr'>μὴ]</span> <span class='ocrx_word' id='word_1_291' title='bbox 1394 2365 1429 2395; x_wconf 79' lang='grc' dir='ltr'>οὐ</span> <span class='ocrx_word' id='word_1_292' title='bbox 1459 2363 1484 2394; x_wconf 80' lang='lat' dir='ltr'>F</span> 
     </span>
     <span class='ocr_line' id='line_1_34' title="bbox 157 2405 1482 2447; baseline 0.001 -11"><span class='ocrx_word' id='word_1_293' title='bbox 157 2415 194 2444; x_wconf 87' lang='lat'>15</span> <span class='ocrx_word' id='word_1_294' title='bbox 225 2419 264 2446; x_wconf 74' lang='grc' dir='ltr'>γε</span> <span class='ocrx_word' id='word_1_295' title='bbox 289 2416 352 2436; x_wconf 90' lang='lat' dir='ltr'>om.</span> <span class='ocrx_word' id='word_1_296' title='bbox 375 2406 441 2436; x_wconf 88' lang='lat' dir='ltr'>SY</span> <span class='ocrx_word' id='word_1_297' title='bbox 593 2415 634 2435; x_wconf 83' lang='lat'>22</span> <span class='ocrx_word' id='word_1_298' title='bbox 666 2407 757 2447; x_wconf 74' lang='grc' dir='ltr'>ἄγειν</span> <span class='ocrx_word' id='word_1_299' title='bbox 781 2410 857 2445; x_wconf 84' lang='lat' dir='ltr'>post</span> <span class='ocrx_word' id='word_1_300' title='bbox 882 2405 1076 2442; x_wconf 80' lang='grc' dir='ltr'>διαβάλλειν</span> <span class='ocrx_word' id='word_1_301' title='bbox 1099 2406 1174 2436; x_wconf 82' lang='lat' dir='ltr'><strong>add.</strong></span> <span class='ocrx_word' id='word_1_302' title='bbox 1191 2405 1280 2445; x_wconf 85' lang='lat' dir='ltr'>vulg.</span> <span class='ocrx_word' id='word_1_303' title='bbox 1300 2418 1307 2436; x_wconf 73' lang='grc' dir='ltr'>ε</span> <span class='ocrx_word' id='word_1_304' title='bbox 1331 2416 1395 2437; x_wconf 89' lang='lat' dir='ltr'>om.</span> <span class='ocrx_word' id='word_1_305' title='bbox 1416 2406 1482 2437; x_wconf 80' lang='lat' dir='ltr'>SA</span> 
     </span>
     <span class='ocr_line' id='line_1_35' title="bbox 154 2449 1482 2488; baseline 0 -8"><span class='ocrx_word' id='word_1_306' title='bbox 154 2459 194 2487; x_wconf 87' lang='lat'>27</span> <span class='ocrx_word' id='word_1_307' title='bbox 220 2462 252 2480; x_wconf 85' lang='grc' dir='ltr'>τι</span> <span class='ocrx_word' id='word_1_308' title='bbox 268 2458 332 2479; x_wconf 91' lang='lat' dir='ltr'>om.</span> <span class='ocrx_word' id='word_1_309' title='bbox 354 2449 377 2479; x_wconf 87' lang='lat' dir='ltr'>S</span> <span class='ocrx_word' id='word_1_310' title='bbox 390 2449 421 2479; x_wconf 83' lang='lat' dir='ltr'>Y</span> <span class='ocrx_word' id='word_1_311' title='bbox 585 2459 628 2488; x_wconf 84' lang='lat'>30</span> <span class='ocrx_word' id='word_1_312' title='bbox 653 2450 762 2482; x_wconf 69' lang='grc' dir='ltr'>ἄλλων</span> <span class='ocrx_word' id='word_1_313' title='bbox 779 2453 858 2480; x_wconf 83' lang='lat' dir='ltr'>ante</span> <span class='ocrx_word' id='word_1_314' title='bbox 877 2449 1014 2481; x_wconf 80' lang='grc' dir='ltr'>ἀνιάτων</span> <span class='ocrx_word' id='word_1_315' title='bbox 1031 2449 1105 2479; x_wconf 85' lang='lat' dir='ltr'>add.</span> <span class='ocrx_word' id='word_1_316' title='bbox 1126 2449 1215 2488; x_wconf 84' lang='lat' dir='ltr'><strong>vulg.</strong></span> <span class='ocrx_word' id='word_1_317' title='bbox 1234 2461 1241 2480; x_wconf 76' lang='grc' dir='ltr'>ε</span> <span class='ocrx_word' id='word_1_318' title='bbox 1264 2460 1328 2480; x_wconf 88' lang='lat' dir='ltr'>om.</span> <span class='ocrx_word' id='word_1_319' title='bbox 1350 2450 1373 2480; x_wconf 87' lang='lat' dir='ltr'>S</span> <span class='ocrx_word' id='word_1_320' title='bbox 1390 2450 1482 2481; x_wconf 80' lang='lat' dir='ltr'>solus</span> 
     </span>
    </p>
   </div>
   <div class='ocr_carea' id='block_1_4' title="bbox 155 2492 1352 2537">
    <p class='ocr_par' dir='ltr' id='par_1_4' title="bbox 155 2492 1352 2537">
     <span class='ocr_line' id='line_1_36' title="bbox 155 2492 1352 2537; baseline -0.003 -15"><span class='ocrx_word' id='word_1_321' title='bbox 155 2506 186 2524; x_wconf 81' lang='grc' dir='ltr'>τι</span> <span class='ocrx_word' id='word_1_322' title='bbox 203 2502 266 2522; x_wconf 92' lang='lat' dir='ltr'>om.</span> <span class='ocrx_word' id='word_1_323' title='bbox 288 2492 441 2523; x_wconf 79' lang='lat' dir='ltr'>SAYO</span> <span class='ocrx_word' id='word_1_324' title='bbox 1293 2505 1352 2537; x_wconf 69' lang='lat'>20*</span> 
     </span>
    </p>
   </div>
  </div>
 </body>
</html>
