<?xml version="1.0" encoding="UTF-8"?>
<!DOCTYPE html PUBLIC "-//W3C//DTD XHTML 1.0 Transitional//EN"
    "http://www.w3.org/TR/xhtml1/DTD/xhtml1-transitional.dtd">
<html xmlns="http://www.w3.org/1999/xhtml" xml:lang="en" lang="en">
 <head>
  <title>
</title>
<meta http-equiv="Content-Type" content="text/html;charset=utf-8" />
  <meta name='ocr-system' content='tesseract 3.04.00' />
  <meta name='ocr-capabilities' content='ocr_page ocr_carea ocr_par ocr_line ocrx_word'/>
</head>
<body>
  <div class='ocr_page' id='page_1' title='image "./p1orationesrecog02demouoft_0026.png"; bbox 0 0 1737 2734; ppageno 0'>
   <div class='ocr_carea' id='block_1_1' title="bbox 145 991 187 1015">
    <p class='ocr_par' dir='ltr' id='par_1_1' title="bbox 145 991 187 1015">
     <span class='ocr_line' id='line_1_1' title="bbox 145 992 162 1015; textangle 90"><span class='ocrx_word' id='word_1_1' title='bbox 145 992 162 1015; x_wconf 59' lang='lat' dir='ltr'>h)</span> 
     </span>
     <span class='ocr_line' id='line_1_2' title="bbox 169 991 187 1015; textangle 90"><span class='ocrx_word' id='word_1_2' title='bbox 169 991 187 1015; x_wconf 62' lang='lat' dir='ltr'>k.)</span> 
     </span>
    </p>
   </div>
   <div class='ocr_carea' id='block_1_2' title="bbox 65 1708 184 1762">
    <p class='ocr_par' dir='ltr' id='par_1_2' title="bbox 65 1708 184 1762">
     <span class='ocr_line' id='line_1_3' title="bbox 65 1708 184 1762; baseline 0 -1"><span class='ocrx_word' id='word_1_3' title='bbox 65 1708 184 1762; x_wconf 87' lang='lat'><strong>[464]</strong></span> 
     </span>
    </p>
   </div>
   <div class='ocr_carea' id='block_1_3' title="bbox 650 137 1548 192">
    <p class='ocr_par' dir='ltr' id='par_1_3' title="bbox 650 137 1548 192">
     <span class='ocr_line' id='line_1_4' title="bbox 650 137 1548 192; baseline 0.001 -13"><span class='ocrx_word' id='word_1_4' title='bbox 650 142 1138 180; x_wconf 73' lang='grc' dir='ltr'>ΔΗΜΟΣΘΕΝΟὙΣ</span> <span class='ocrx_word' id='word_1_5' title='bbox 1479 137 1548 192; x_wconf 43' lang='lat' dir='ltr'>&amp;x</span> 
     </span>
    </p>
   </div>
   <div class='ocr_carea' id='block_1_4' title="bbox 213 246 1612 2166">
    <p class='ocr_par' dir='ltr' id='par_1_4' title="bbox 213 246 1612 2166">
     <span class='ocr_line' id='line_1_5' title="bbox 223 246 1550 300; baseline 0.003 -16"><span class='ocrx_word' id='word_1_6' title='bbox 223 249 536 300; x_wconf 79' lang='grc' dir='ltr'>λῃτουργοῦντας</span> <span class='ocrx_word' id='word_1_7' title='bbox 561 247 739 292; x_wconf 78' lang='grc' dir='ltr'>ἔσεσθαι,</span> <span class='ocrx_word' id='word_1_8' title='bbox 759 247 822 286; x_wconf 82' lang='grc' dir='ltr'>καὶ</span> <span class='ocrx_word' id='word_1_9' title='bbox 848 250 926 286; x_wconf 81' lang='grc' dir='ltr'>τῶν</span> <span class='ocrx_word' id='word_1_10' title='bbox 952 249 1126 287; x_wconf 78' lang='grc' dir='ltr'>πολιτῶν</span> <span class='ocrx_word' id='word_1_11' title='bbox 1149 246 1283 297; x_wconf 89' lang='grc' dir='ltr'>μηδέν’</span> <span class='ocrx_word' id='word_1_12' title='bbox 1304 249 1344 287; x_wconf 84' lang='grc' dir='ltr'>ἐκ</span> <span class='ocrx_word' id='word_1_13' title='bbox 1371 264 1550 300; x_wconf 89' lang='grc' dir='ltr'>τριηραρ-</span> 
     </span>
     <span class='ocr_line' id='line_1_6' title="bbox 223 312 1549 370; baseline 0.002 -19"><span class='ocrx_word' id='word_1_14' title='bbox 223 313 314 364; x_wconf 83' lang='grc' dir='ltr'>χίας</span> <span class='ocrx_word' id='word_1_15' title='bbox 347 312 533 363; x_wconf 77' lang='grc' dir='ltr'>ὑπάρξειν</span> <span class='ocrx_word' id='word_1_16' title='bbox 564 313 697 361; x_wconf 83' lang='grc' dir='ltr'>ἀτελῆ.</span> <span class='ocrx_word' id='word_1_17' title='bbox 771 313 1015 363; x_wconf 81' lang='grc' dir='ltr'>σκεψώμεθα</span> <span class='ocrx_word' id='word_1_18' title='bbox 1048 312 1093 362; x_wconf 82' lang='grc' dir='ltr'>δὴ</span> <span class='ocrx_word' id='word_1_19' title='bbox 1127 314 1167 352; x_wconf 86' lang='grc' dir='ltr'>τί</span> <span class='ocrx_word' id='word_1_20' title='bbox 1197 316 1310 353; x_wconf 79' lang='grc' dir='ltr'>τοῦτο</span> <span class='ocrx_word' id='word_1_21' title='bbox 1340 319 1387 370; x_wconf 82' lang='grc' dir='ltr'>τῇ</span> <span class='ocrx_word' id='word_1_22' title='bbox 1421 315 1549 359; x_wconf 85' lang='grc' dir='ltr'>πόλει,</span> 
     </span>
     <span class='ocr_line' id='line_1_7' title="bbox 225 377 1553 433; baseline 0.003 -17"><span class='ocrx_word' id='word_1_23' title='bbox 225 379 292 417; x_wconf 79' lang='grc' dir='ltr'>ἐὰν</span> <span class='ocrx_word' id='word_1_24' title='bbox 312 377 481 419; x_wconf 76' lang='grc' dir='ltr'>ἅπαντες</span> <span class='ocrx_word' id='word_1_25' title='bbox 500 379 608 418; x_wconf 73' lang='grc' dir='ltr'>οὗτοι</span> <span class='ocrx_word' id='word_1_26' title='bbox 628 382 915 433; x_wconf 86' lang='grc' dir='ltr'>λῃτουργῶσιν·</span> <span class='ocrx_word' id='word_1_27' title='bbox 954 377 1179 429; x_wconf 88' lang='grc' dir='ltr'>φανήσεται</span> <span class='ocrx_word' id='word_1_28' title='bbox 1194 381 1268 430; x_wconf 77' lang='grc' dir='ltr'>γὰρ</span> <span class='ocrx_word' id='word_1_29' title='bbox 1288 379 1377 420; x_wconf 77' lang='grc' dir='ltr'>οὐδὲ</span> <span class='ocrx_word' id='word_1_30' title='bbox 1398 384 1553 420; x_wconf 82' lang='grc' dir='ltr'>πολλοῦ</span> 
     </span>
     <span class='ocr_line' id='line_1_8' title="bbox 223 444 1551 496; baseline 0.002 -13"><span class='ocrx_word' id='word_1_31' title='bbox 223 446 283 483; x_wconf 83' lang='grc' dir='ltr'>δεῖ</span> <span class='ocrx_word' id='word_1_32' title='bbox 305 447 372 493; x_wconf 83' lang='grc' dir='ltr'>τῆς</span> <span class='ocrx_word' id='word_1_33' title='bbox 398 444 667 495; x_wconf 66' lang='grc' dir='ltr'>γενησομένης</span> <span class='ocrx_word' id='word_1_34' title='bbox 692 444 804 494; x_wconf 77' lang='grc' dir='ltr'>ἄξιον</span> <span class='ocrx_word' id='word_1_35' title='bbox 829 445 1035 496; x_wconf 76' lang='grc' dir='ltr'>αἰσχύνης.</span> <span class='ocrx_word' id='word_1_36' title='bbox 1097 446 1168 495; x_wconf 86' lang='grc' dir='ltr'>ὅρα</span> <span class='ocrx_word' id='word_1_37' title='bbox 1197 445 1229 485; x_wconf 83' lang='grc' dir='ltr'>δ’</span> <span class='ocrx_word' id='word_1_38' title='bbox 1254 447 1410 486; x_wconf 86' lang='grc' dir='ltr'>οὑτωσί.</span> <span class='ocrx_word' id='word_1_39' title='bbox 1473 448 1551 487; x_wconf 84' lang='grc' dir='ltr'>εἰσὶ</span> 
     </span>
     <span class='ocr_line' id='line_1_9' title="bbox 223 510 1588 563; baseline 0.003 -14"><span class='ocrx_word' id='word_1_40' title='bbox 223 514 299 549; x_wconf 79' lang='grc' dir='ltr'>τῶν</span> <span class='ocrx_word' id='word_1_41' title='bbox 329 510 453 559; x_wconf 81' lang='grc' dir='ltr'>ξένων</span> <span class='ocrx_word' id='word_1_42' title='bbox 487 511 794 552; x_wconf 66' lang='grc' dir='ltr'>ἀτελεῖς-δέκα</span> <span class='ocrx_word' id='word_1_43' title='bbox 828 510 951 560; x_wconf 89' lang='grc' dir='ltr'>θήσω·</span> <span class='ocrx_word' id='word_1_44' title='bbox 997 512 1058 551; x_wconf 84' lang='grc' dir='ltr'>καὶ</span> <span class='ocrx_word' id='word_1_45' title='bbox 1092 513 1145 561; x_wconf 75' lang='grc' dir='ltr'>μὰ</span> <span class='ocrx_word' id='word_1_46' title='bbox 1177 511 1266 553; x_wconf 79' lang='grc' dir='ltr'>τοὺς</span> <span class='ocrx_word' id='word_1_47' title='bbox 1300 513 1423 557; x_wconf 85' lang='grc' dir='ltr'>θεούς,</span> <span class='ocrx_word' id='word_1_48' title='bbox 1454 514 1550 563; x_wconf 87' lang='grc' dir='ltr'>ὅπερ</span> <span class='ocrx_word' id='word_1_49' title='bbox 1571 528 1588 559; x_wconf 84' lang='grc'>5</span> 
     </span>
     <span class='ocr_line' id='line_1_10' title="bbox 224 575 1550 630; baseline 0.002 -14"><span class='ocrx_word' id='word_1_50' title='bbox 224 575 333 616; x_wconf 74' lang='grc' dir='ltr'>εἶπον</span> <span class='ocrx_word' id='word_1_51' title='bbox 377 578 529 627; x_wconf 81' lang='grc' dir='ltr'>ἀρτίως,</span> <span class='ocrx_word' id='word_1_52' title='bbox 570 577 638 616; x_wconf 77' lang='grc' dir='ltr'>οὐκ</span> <span class='ocrx_word' id='word_1_53' title='bbox 681 577 788 627; x_wconf 74' lang='grc' dir='ltr'>οἶμαι</span> <span class='ocrx_word' id='word_1_54' title='bbox 831 577 939 616; x_wconf 84' lang='grc' dir='ltr'>πέντ’</span> <span class='ocrx_word' id='word_1_55' title='bbox 982 578 1092 617; x_wconf 82' lang='grc' dir='ltr'>εἶναι.</span> <span class='ocrx_word' id='word_1_56' title='bbox 1165 578 1228 618; x_wconf 82' lang='grc' dir='ltr'>καὶ</span> <span class='ocrx_word' id='word_1_57' title='bbox 1269 578 1346 628; x_wconf 81' lang='grc' dir='ltr'>μὴν</span> <span class='ocrx_word' id='word_1_58' title='bbox 1385 582 1463 618; x_wconf 81' lang='grc' dir='ltr'>τῶν</span> <span class='ocrx_word' id='word_1_59' title='bbox 1505 596 1550 630; x_wconf 88' lang='grc' dir='ltr'>γε</span> 
     </span>
     <span class='ocr_line' id='line_1_11' title="bbox 223 640 1551 696; baseline 0.002 -14"><span class='ocrx_word' id='word_1_60' title='bbox 223 647 398 682; x_wconf 79' lang='grc' dir='ltr'>πολιτῶν</span> <span class='ocrx_word' id='word_1_61' title='bbox 417 644 484 682; x_wconf 82' lang='grc' dir='ltr'>οὐκ</span> <span class='ocrx_word' id='word_1_62' title='bbox 506 644 584 683; x_wconf 80' lang='grc' dir='ltr'>εἰσὶ</span> <span class='ocrx_word' id='word_1_63' title='bbox 609 640 786 694; x_wconf 77' lang='grc' dir='ltr'>(πλείους</span> <span class='ocrx_word' id='word_1_64' title='bbox 806 640 848 694; x_wconf 85' lang='grc' dir='ltr'>ὴ&gt;</span> <span class='ocrx_word' id='word_1_65' title='bbox 866 643 974 683; x_wconf 81' lang='grc' dir='ltr'>πέντ’</span> <span class='ocrx_word' id='word_1_66' title='bbox 994 640 1016 693; x_wconf 75' lang='grc' dir='ltr'>ἦ</span> <span class='ocrx_word' id='word_1_67' title='bbox 1039 643 1093 694; x_wconf 80' lang='grc' dir='ltr'>ἔξ.</span> <span class='ocrx_word' id='word_1_68' title='bbox 1155 645 1292 684; x_wconf 81' lang='grc' dir='ltr'>οὐκοῦν</span> <span class='ocrx_word' id='word_1_69' title='bbox 1314 645 1551 696; x_wconf 81' lang='grc' dir='ltr'>ἀμφοτέρων</span> 
     </span>
     <span class='ocr_line' id='line_1_12' title="bbox 224 709 1548 760; baseline 0.002 -12"><span class='ocrx_word' id='word_1_70' title='bbox 224 710 437 749; x_wconf 81' lang='grc' dir='ltr'>ἑκκαίδεκα.</span> <span class='ocrx_word' id='word_1_71' title='bbox 511 709 741 759; x_wconf 87' lang='grc' dir='ltr'>ποιήσωμεν</span> <span class='ocrx_word' id='word_1_72' title='bbox 777 709 915 751; x_wconf 82' lang='grc' dir='ltr'>αὐτοὺς</span> <span class='ocrx_word' id='word_1_73' title='bbox 963 712 1126 755; x_wconf 83' lang='grc' dir='ltr'>εἴκοσιν,</span> <span class='ocrx_word' id='word_1_74' title='bbox 1171 712 1205 750; x_wconf 82' lang='grc' dir='ltr'>εἰ</span> <span class='ocrx_word' id='word_1_75' title='bbox 1246 713 1286 750; x_wconf 84' lang='grc' dir='ltr'>δὲ</span> <span class='ocrx_word' id='word_1_76' title='bbox 1333 712 1548 760; x_wconf 80' lang='grc' dir='ltr'>βούλεσθε,</span> 
     </span>
     <span class='ocr_line' id='line_1_13' title="bbox 222 774 1546 830; baseline 0.002 -16"><span class='ocrx_word' id='word_1_77' title='bbox 222 774 444 826; x_wconf 85' lang='grc' dir='ltr'>τριάκοντα.</span> <span class='ocrx_word' id='word_1_78' title='bbox 510 777 630 816; x_wconf 90' lang='grc' dir='ltr'>πόσοι</span> <span class='ocrx_word' id='word_1_79' title='bbox 654 775 699 827; x_wconf 90' lang='grc' dir='ltr'>δή</span> <span class='ocrx_word' id='word_1_80' title='bbox 725 776 812 816; x_wconf 85' lang='grc' dir='ltr'>ποτ’</span> <span class='ocrx_word' id='word_1_81' title='bbox 838 777 941 817; x_wconf 83' lang='grc' dir='ltr'>εἰσὶν</span> <span class='ocrx_word' id='word_1_82' title='bbox 967 778 1003 816; x_wconf 80' lang='grc' dir='ltr'>οἱ</span> <span class='ocrx_word' id='word_1_83' title='bbox 1031 776 1113 816; x_wconf 77' lang='grc' dir='ltr'>κατ’</span> <span class='ocrx_word' id='word_1_84' title='bbox 1140 776 1318 817; x_wconf 84' lang='grc' dir='ltr'>ἐνιαυτὸν</span> <span class='ocrx_word' id='word_1_85' title='bbox 1342 779 1410 819; x_wconf 82' lang='grc' dir='ltr'>τὰς</span> <span class='ocrx_word' id='word_1_86' title='bbox 1437 779 1546 830; x_wconf 81' lang='grc' dir='ltr'>ἐγκυ-</span> 
     </span>
     <span class='ocr_line' id='line_1_14' title="bbox 223 843 1612 898; baseline 0.004 -18"><span class='ocrx_word' id='word_1_87' title='bbox 223 843 355 883; x_wconf 86' lang='grc' dir='ltr'>κλίους</span> <span class='ocrx_word' id='word_1_88' title='bbox 379 844 616 898; x_wconf 81' lang='grc' dir='ltr'>λῃτουργίας</span> <span class='ocrx_word' id='word_1_89' title='bbox 640 846 960 898; x_wconf 80' lang='grc' dir='ltr'>λῃτουργοῦντες,</span> <span class='ocrx_word' id='word_1_90' title='bbox 980 844 1146 895; x_wconf 77' lang='grc' dir='ltr'>χορηγοὶ</span> <span class='ocrx_word' id='word_1_91' title='bbox 1172 843 1233 883; x_wconf 85' lang='grc' dir='ltr'>καὶ</span> <span class='ocrx_word' id='word_1_92' title='bbox 1259 845 1551 896; x_wconf 86' lang='grc' dir='ltr'>γυμνασίαρχοι</span> <span class='ocrx_word' id='word_1_93' title='bbox 1574 865 1612 886; x_wconf 88' lang='grc' dir='ltr'>ιο</span> 
     </span>
     <span class='ocr_line' id='line_1_15' title="bbox 222 907 1550 964; baseline 0.003 -17"><span class='ocrx_word' id='word_1_94' title='bbox 222 908 285 947; x_wconf 86' lang='grc' dir='ltr'>καὶ</span> <span class='ocrx_word' id='word_1_95' title='bbox 305 908 549 960; x_wconf 85' lang='grc' dir='ltr'>ἑστιάτορες,·</span> <span class='ocrx_word' id='word_1_96' title='bbox 588 909 764 959; x_wconf 75' lang='grc' dir='ltr'>ἑξήκοντ’</span> <span class='ocrx_word' id='word_1_97' title='bbox 795 911 892 950; x_wconf 84' lang='grc' dir='ltr'>ἴσως</span> <span class='ocrx_word' id='word_1_98' title='bbox 923 907 945 959; x_wconf 80' lang='grc' dir='ltr'>ἦ</span> <span class='ocrx_word' id='word_1_99' title='bbox 976 913 1099 964; x_wconf 77' lang='grc' dir='ltr'>μικρῷ</span> <span class='ocrx_word' id='word_1_100' title='bbox 1131 911 1291 951; x_wconf 87' lang='grc' dir='ltr'>πλείους</span> <span class='ocrx_word' id='word_1_101' title='bbox 1325 910 1550 960; x_wconf 85' lang='grc' dir='ltr'>σύμπαντες</span> 
     </span>
     <span class='ocr_line' id='line_1_16' title="bbox 221 974 1550 1027; baseline 0.002 -13"><span class='ocrx_word' id='word_1_102' title='bbox 221 974 340 1014; x_wconf 81' lang='grc' dir='ltr'>οὗτοι.</span> <span class='ocrx_word' id='word_1_103' title='bbox 412 975 461 1015; x_wconf 80' lang='grc' dir='ltr'>ἵν’</span> <span class='ocrx_word' id='word_1_104' title='bbox 487 975 554 1015; x_wconf 76' lang='grc' dir='ltr'>οὖν</span> <span class='ocrx_word' id='word_1_105' title='bbox 579 975 772 1026; x_wconf 79' lang='grc' dir='ltr'>τριάκοντ’</span> <span class='ocrx_word' id='word_1_106' title='bbox 793 976 993 1027; x_wconf 82' lang='grc' dir='ltr'>ἄνθρωποι</span> <span class='ocrx_word' id='word_1_107' title='bbox 1018 978 1179 1018; x_wconf 88' lang='grc' dir='ltr'>πλείους</span> <span class='ocrx_word' id='word_1_108' title='bbox 1204 977 1309 1027; x_wconf 78' lang='grc' dir='ltr'>παρὰ</span> <span class='ocrx_word' id='word_1_109' title='bbox 1329 975 1457 1016; x_wconf 88' lang='grc' dir='ltr'>πάντα</span> <span class='ocrx_word' id='word_1_110' title='bbox 1481 977 1550 1017; x_wconf 85' lang='grc' dir='ltr'>τὸν</span> 
     </span>
     <span class='ocr_line' id='line_1_17' title="bbox 220 1041 1550 1097; baseline 0.002 -16"><span class='ocrx_word' id='word_1_111' title='bbox 220 1042 366 1093; x_wconf 88' lang='grc' dir='ltr'>χρόνον</span> <span class='ocrx_word' id='word_1_112' title='bbox 402 1041 734 1097; x_wconf 84' lang='grc' dir='ltr'>λῃτουργήσωσιν</span> <span class='ocrx_word' id='word_1_113' title='bbox 770 1043 874 1093; x_wconf 84' lang='grc' dir='ltr'>ἡμῖν,</span> <span class='ocrx_word' id='word_1_114' title='bbox 911 1043 1000 1084; x_wconf 79' lang='grc' dir='ltr'>τοὺς</span> <span class='ocrx_word' id='word_1_115' title='bbox 1037 1043 1213 1084; x_wconf 73' lang='grc' dir='ltr'>ἅπαντας</span> <span class='ocrx_word' id='word_1_116' title='bbox 1247 1044 1425 1084; x_wconf 82' lang='grc' dir='ltr'>ἀπίστως</span> <span class='ocrx_word' id='word_1_117' title='bbox 1455 1047 1550 1095; x_wconf 85' lang='grc' dir='ltr'>πρὸς</span> 
     </span>
     <span class='ocr_line' id='line_1_18' title="bbox 219 1108 1547 1165; baseline 0.003 -19"><span class='ocrx_word' id='word_1_118' title='bbox 219 1108 319 1157; x_wconf 73' lang='grc' dir='ltr'>ἡμᾶς</span> <span class='ocrx_word' id='word_1_119' title='bbox 339 1109 478 1150; x_wconf 82' lang='grc' dir='ltr'>αὐτοὺς</span> <span class='ocrx_word' id='word_1_120' title='bbox 498 1111 711 1160; x_wconf 84' lang='grc' dir='ltr'>διαθῶμεν;</span> <span class='ocrx_word' id='word_1_121' title='bbox 751 1109 843 1149; x_wconf 82' lang='grc' dir='ltr'>ἀλλ’</span> <span class='ocrx_word' id='word_1_122' title='bbox 864 1111 980 1159; x_wconf 88' lang='grc' dir='ltr'>ἴσμεν</span> <span class='ocrx_word' id='word_1_123' title='bbox 1000 1111 1126 1150; x_wconf 84' lang='grc' dir='ltr'>ἐκεῖνο</span> <span class='ocrx_word' id='word_1_124' title='bbox 1147 1108 1283 1159; x_wconf 85' lang='grc' dir='ltr'>δήπου,</span> <span class='ocrx_word' id='word_1_125' title='bbox 1304 1111 1364 1150; x_wconf 86' lang='grc' dir='ltr'>ὅτι</span> <span class='ocrx_word' id='word_1_126' title='bbox 1382 1115 1547 1165; x_wconf 85' lang='grc' dir='ltr'>λῃτουρ-</span> 
     </span>
     <span class='ocr_line' id='line_1_19' title="bbox 220 1173 1608 1231; baseline 0.004 -19"><span class='ocrx_word' id='word_1_127' title='bbox 220 1173 418 1225; x_wconf 87' lang='grc' dir='ltr'>γήσουσιν</span> <span class='ocrx_word' id='word_1_128' title='bbox 436 1175 521 1225; x_wconf 89' lang='grc' dir='ltr'>μέν,</span> <span class='ocrx_word' id='word_1_129' title='bbox 541 1175 663 1227; x_wconf 83' lang='grc' dir='ltr'>ἄνπερ</span> <span class='ocrx_word' id='word_1_130' title='bbox 683 1176 705 1225; x_wconf 87' lang='grc' dir='ltr'>ἡ</span> <span class='ocrx_word' id='word_1_131' title='bbox 727 1177 842 1218; x_wconf 86' lang='grc' dir='ltr'>πόλις</span> <span class='ocrx_word' id='word_1_132' title='bbox 860 1175 896 1231; x_wconf 77' lang='grc' dir='ltr'>ᾗ,</span> <span class='ocrx_word' id='word_1_133' title='bbox 916 1177 1061 1216; x_wconf 81' lang='grc' dir='ltr'>πολλοὶ</span> <span class='ocrx_word' id='word_1_134' title='bbox 1083 1177 1144 1216; x_wconf 84' lang='grc' dir='ltr'>καὶ</span> <span class='ocrx_word' id='word_1_135' title='bbox 1165 1176 1233 1216; x_wconf 84' lang='grc' dir='ltr'>οὐκ</span> <span class='ocrx_word' id='word_1_136' title='bbox 1253 1178 1547 1228; x_wconf 78' lang='grc' dir='ltr'>ἐπιλείψουσιν,</span> <span class='ocrx_word' id='word_1_137' title='bbox 1571 1195 1608 1228; x_wconf 82' lang='lat'>15</span> 
     </span>
     <span class='ocr_line' id='line_1_20' title="bbox 220 1241 1549 1294; baseline 0.004 -14"><span class='ocrx_word' id='word_1_138' title='bbox 220 1241 262 1280; x_wconf 78' lang='grc' dir='ltr'>εὖ</span> <span class='ocrx_word' id='word_1_139' title='bbox 281 1243 322 1281; x_wconf 85' lang='grc' dir='ltr'>δὲ</span> <span class='ocrx_word' id='word_1_140' title='bbox 348 1246 475 1282; x_wconf 84' lang='grc' dir='ltr'>ποιεῖν</span> <span class='ocrx_word' id='word_1_141' title='bbox 495 1242 595 1292; x_wconf 76' lang='grc' dir='ltr'>ἡμᾶς</span> <span class='ocrx_word' id='word_1_142' title='bbox 614 1243 740 1284; x_wconf 82' lang='grc' dir='ltr'>οὐδεὶς</span> <span class='ocrx_word' id='word_1_143' title='bbox 766 1241 963 1292; x_wconf 83' lang='grc' dir='ltr'>ἐθελήσει,</span> <span class='ocrx_word' id='word_1_144' title='bbox 985 1243 1075 1285; x_wconf 80' lang='grc' dir='ltr'>τοὺς</span> <span class='ocrx_word' id='word_1_145' title='bbox 1095 1244 1284 1294; x_wconf 86' lang='grc' dir='ltr'>πρότερον</span> <span class='ocrx_word' id='word_1_146' title='bbox 1304 1242 1549 1293; x_wconf 80' lang='grc' dir='ltr'>ποιήσαντας</span> 
     </span>
     <span class='ocr_line' id='line_1_21' title="bbox 220 1307 1549 1364; baseline 0.003 -18"><span class='ocrx_word' id='word_1_147' title='bbox 220 1308 288 1347; x_wconf 78' lang='grc' dir='ltr'>ἐὰν</span> <span class='ocrx_word' id='word_1_148' title='bbox 314 1307 568 1359; x_wconf 81' lang='grc' dir='ltr'>ἠδικημένους</span> <span class='ocrx_word' id='word_1_149' title='bbox 588 1311 663 1364; x_wconf 82' lang='grc' dir='ltr'>ἴδῃ.</span> <span class='ocrx_word' id='word_1_150' title='bbox 738 1309 828 1349; x_wconf 79' lang='grc' dir='ltr'>εἶεν.</span> <span class='ocrx_word' id='word_1_151' title='bbox 902 1311 934 1350; x_wconf 83' lang='grc' dir='ltr'>εἰ</span> <span class='ocrx_word' id='word_1_152' title='bbox 960 1311 1001 1350; x_wconf 79' lang='grc' dir='ltr'>δὲ</span> <span class='ocrx_word' id='word_1_153' title='bbox 1022 1309 1067 1359; x_wconf 79' lang='grc' dir='ltr'>δὴ</span> <span class='ocrx_word' id='word_1_154' title='bbox 1085 1311 1132 1349; x_wconf 77' lang='grc' dir='ltr'>τὰ</span> <span class='ocrx_word' id='word_1_155' title='bbox 1156 1309 1318 1360; x_wconf 83' lang='grc' dir='ltr'>μάλιστ’</span> <span class='ocrx_word' id='word_1_156' title='bbox 1339 1309 1549 1350; x_wconf 83' lang='grc' dir='ltr'>ἐπέλειπον</span> 
     </span>
     <span class='ocr_line' id='line_1_22' title="bbox 217 1375 1549 1428; baseline 0.003 -15"><span class='ocrx_word' id='word_1_157' title='bbox 217 1376 253 1414; x_wconf 80' lang='grc' dir='ltr'>οἱ</span> <span class='ocrx_word' id='word_1_158' title='bbox 292 1379 480 1427; x_wconf 86' lang='grc' dir='ltr'>χορηγεῖν</span> <span class='ocrx_word' id='word_1_159' title='bbox 519 1376 598 1415; x_wconf 79' lang='grc' dir='ltr'>οἶοί</span> <span class='ocrx_word' id='word_1_160' title='bbox 629 1392 684 1422; x_wconf 85' lang='grc' dir='ltr'>τε,</span> <span class='ocrx_word' id='word_1_161' title='bbox 723 1376 819 1426; x_wconf 83' lang='grc' dir='ltr'>πρὸς</span> <span class='ocrx_word' id='word_1_162' title='bbox 860 1376 955 1417; x_wconf 84' lang='grc' dir='ltr'>Διὸς</span> <span class='ocrx_word' id='word_1_163' title='bbox 991 1377 1161 1427; x_wconf 89' lang='grc' dir='ltr'>πότερον</span> <span class='ocrx_word' id='word_1_164' title='bbox 1199 1380 1373 1428; x_wconf 87' lang='grc' dir='ltr'>κρεῖττον</span> <span class='ocrx_word' id='word_1_165' title='bbox 1411 1375 1457 1426; x_wconf 82' lang='grc' dir='ltr'>ἦν</span> <span class='ocrx_word' id='word_1_166' title='bbox 1495 1378 1549 1418; x_wconf 82' lang='grc' dir='ltr'>εἰς</span> 
     </span>
     <span class='ocr_line' id='line_1_23' title="bbox 217 1441 1545 1496; baseline 0.003 -16"><span class='ocrx_word' id='word_1_167' title='bbox 217 1441 453 1482; x_wconf 86' lang='grc' dir='ltr'>συντέλειαν</span> <span class='ocrx_word' id='word_1_168' title='bbox 484 1442 649 1494; x_wconf 80' lang='grc' dir='ltr'>ἀγαγεῖν</span> <span class='ocrx_word' id='word_1_169' title='bbox 686 1444 755 1484; x_wconf 71' lang='grc' dir='ltr'>τὰς</span> <span class='ocrx_word' id='word_1_170' title='bbox 788 1444 979 1496; x_wconf 81' lang='grc' dir='ltr'>χορηγίας</span> <span class='ocrx_word' id='word_1_171' title='bbox 1009 1444 1144 1494; x_wconf 84' lang='grc' dir='ltr'>ὥσπερ</span> <span class='ocrx_word' id='word_1_172' title='bbox 1174 1445 1243 1485; x_wconf 73' lang='grc' dir='ltr'>τὰς</span> <span class='ocrx_word' id='word_1_173' title='bbox 1279 1445 1545 1496; x_wconf 82' lang='grc' dir='ltr'>τριηραρχίας,</span> 
     </span>
     <span class='ocr_line' id='line_1_24' title="bbox 215 1504 1608 1562; baseline 0.002 -16"><span class='ocrx_word' id='word_1_174' title='bbox 215 1504 237 1556; x_wconf 76' lang='grc' dir='ltr'>ἦ</span> <span class='ocrx_word' id='word_1_175' title='bbox 275 1508 362 1549; x_wconf 84' lang='grc' dir='ltr'>τοὺς</span> <span class='ocrx_word' id='word_1_176' title='bbox 399 1508 604 1561; x_wconf 83' lang='grc' dir='ltr'>εὐεργέτας</span> <span class='ocrx_word' id='word_1_177' title='bbox 641 1509 868 1561; x_wconf 81' lang='grc' dir='ltr'>ἀφελέσθαι</span> <span class='ocrx_word' id='word_1_178' title='bbox 903 1511 951 1549; x_wconf 75' lang='grc' dir='ltr'>τὰ</span> <span class='ocrx_word' id='word_1_179' title='bbox 988 1509 1170 1555; x_wconf 87' lang='grc' dir='ltr'>δοθέντα;</span> <span class='ocrx_word' id='word_1_180' title='bbox 1211 1510 1288 1562; x_wconf 85' lang='grc' dir='ltr'>ἐγὼ</span> <span class='ocrx_word' id='word_1_181' title='bbox 1323 1512 1394 1560; x_wconf 80' lang='grc' dir='ltr'>μὲν</span> <span class='ocrx_word' id='word_1_182' title='bbox 1430 1509 1545 1550; x_wconf 85' lang='grc' dir='ltr'>ἐκεῖν’</span> <span class='ocrx_word' id='word_1_183' title='bbox 1569 1527 1608 1549; x_wconf 89' lang='lat'>20</span> 
     </span>
     <span class='ocr_line' id='line_1_25' title="bbox 215 1573 1546 1628; baseline 0.002 -15"><span class='ocrx_word' id='word_1_184' title='bbox 215 1573 334 1624; x_wconf 75' lang='grc' dir='ltr'>οἶμαι.</span> <span class='ocrx_word' id='word_1_185' title='bbox 409 1579 476 1615; x_wconf 80' lang='grc' dir='ltr'>νῦν</span> <span class='ocrx_word' id='word_1_186' title='bbox 517 1575 590 1625; x_wconf 85' lang='grc' dir='ltr'>μέν</span> <span class='ocrx_word' id='word_1_187' title='bbox 632 1593 676 1628; x_wconf 93' lang='grc' dir='ltr'>γε</span> <span class='ocrx_word' id='word_1_188' title='bbox 703 1576 770 1615; x_wconf 80' lang='grc' dir='ltr'>τὸν</span> <span class='ocrx_word' id='word_1_189' title='bbox 814 1577 971 1628; x_wconf 87' lang='grc' dir='ltr'>χρόνον,</span> <span class='ocrx_word' id='word_1_190' title='bbox 1013 1576 1058 1616; x_wconf 84' lang='grc' dir='ltr'>’ὸν</span> <span class='ocrx_word' id='word_1_191' title='bbox 1100 1576 1148 1616; x_wconf 82' lang='grc' dir='ltr'>ἂν</span> <span class='ocrx_word' id='word_1_192' title='bbox 1189 1577 1338 1616; x_wconf 84' lang='grc' dir='ltr'>τούτων</span> <span class='ocrx_word' id='word_1_193' title='bbox 1380 1577 1546 1618; x_wconf 81' lang='grc' dir='ltr'>ἕκαστος</span> 
     </span>
     <span class='ocr_line' id='line_1_26' title="bbox 214 1642 1546 1698; baseline 0.001 -17"><span class='ocrx_word' id='word_1_194' title='bbox 214 1646 426 1698; x_wconf 79' lang='grc' dir='ltr'>λῃτουργῇ,</span> <span class='ocrx_word' id='word_1_195' title='bbox 454 1644 594 1682; x_wconf 88' lang='grc' dir='ltr'>δίδωσι</span> <span class='ocrx_word' id='word_1_196' title='bbox 619 1642 690 1692; x_wconf 78' lang='grc' dir='ltr'>τὴν</span> <span class='ocrx_word' id='word_1_197' title='bbox 721 1642 946 1683; x_wconf 80' lang='grc' dir='ltr'>ἀνάπαυσιν</span> <span class='ocrx_word' id='word_1_198' title='bbox 976 1643 1110 1684; x_wconf 81' lang='grc' dir='ltr'>αὐτοῖς</span> <span class='ocrx_word' id='word_1_199' title='bbox 1138 1644 1274 1693; x_wconf 85' lang='grc' dir='ltr'>μόνον,</span> <span class='ocrx_word' id='word_1_200' title='bbox 1301 1645 1400 1693; x_wconf 79' lang='grc' dir='ltr'>μετὰ</span> <span class='ocrx_word' id='word_1_201' title='bbox 1424 1646 1546 1682; x_wconf 70' lang='grc' dir='ltr'>ταῦτα</span> 
     </span>
     <span class='ocr_line' id='line_1_27' title="bbox 215 1707 1546 1760; baseline 0.003 -14"><span class='ocrx_word' id='word_1_202' title='bbox 215 1707 248 1746; x_wconf 83' lang='grc' dir='ltr'>δ’</span> <span class='ocrx_word' id='word_1_203' title='bbox 269 1708 381 1748; x_wconf 83' lang='grc' dir='ltr'>οὐδὲν</span> <span class='ocrx_word' id='word_1_204' title='bbox 401 1709 566 1749; x_wconf 85' lang='grc' dir='ltr'>ἔλαττον</span> <span class='ocrx_word' id='word_1_205' title='bbox 587 1710 754 1751; x_wconf 84' lang='grc' dir='ltr'>ἕκαστος</span> <span class='ocrx_word' id='word_1_206' title='bbox 775 1709 900 1749; x_wconf 82' lang='grc' dir='ltr'>αὐτῶν</span> <span class='ocrx_word' id='word_1_207' title='bbox 923 1710 1135 1750; x_wconf 77' lang='grc' dir='ltr'>ἀναλώσει·</span> <span class='ocrx_word' id='word_1_208' title='bbox 1172 1711 1261 1749; x_wconf 84' lang='grc' dir='ltr'>τότε</span> <span class='ocrx_word' id='word_1_209' title='bbox 1279 1709 1310 1749; x_wconf 82' lang='grc' dir='ltr'>δ’</span> <span class='ocrx_word' id='word_1_210' title='bbox 1326 1709 1386 1755; x_wconf 79' lang='grc' dir='ltr'>ἄν,</span> <span class='ocrx_word' id='word_1_211' title='bbox 1408 1712 1546 1760; x_wconf 74' lang='grc' dir='ltr'>μικρᾶς</span> 
     </span>
     <span class='ocr_line' id='line_1_28' title="bbox 216 1775 1546 1830; baseline 0.002 -17"><span class='ocrx_word' id='word_1_212' title='bbox 216 1776 447 1817; x_wconf 87' lang='grc' dir='ltr'>συντελείας</span> <span class='ocrx_word' id='word_1_213' title='bbox 472 1776 549 1816; x_wconf 79' lang='grc' dir='ltr'>ἀπὸ</span> <span class='ocrx_word' id='word_1_214' title='bbox 575 1779 651 1815; x_wconf 83' lang='grc' dir='ltr'>τῶν</span> <span class='ocrx_word' id='word_1_215' title='bbox 681 1777 941 1828; x_wconf 83' lang='grc' dir='ltr'>ὑπαρχόντων</span> <span class='ocrx_word' id='word_1_216' title='bbox 967 1776 1121 1830; x_wconf 81' lang='grc' dir='ltr'>ἑκάστῳ</span> <span class='ocrx_word' id='word_1_217' title='bbox 1156 1775 1405 1828; x_wconf 86' lang='grc' dir='ltr'>γιγνομένης,</span> <span class='ocrx_word' id='word_1_218' title='bbox 1432 1777 1546 1816; x_wconf 78' lang='grc' dir='ltr'>οὐδὲν</span> 
     </span>
     <span class='ocr_line' id='line_1_29' title="bbox 215 1841 1604 1894; baseline 0.003 -14"><span class='ocrx_word' id='word_1_219' title='bbox 215 1841 371 1894; x_wconf 82' lang='grc' dir='ltr'>ἔπασχε</span> <span class='ocrx_word' id='word_1_220' title='bbox 396 1842 524 1882; x_wconf 80' lang='grc' dir='ltr'>δεινὸν</span> <span class='ocrx_word' id='word_1_221' title='bbox 549 1843 687 1888; x_wconf 81' lang='grc' dir='ltr'>οὐδείς,</span> <span class='ocrx_word' id='word_1_222' title='bbox 716 1843 795 1883; x_wconf 82' lang='grc' dir='ltr'>οὐδ’</span> <span class='ocrx_word' id='word_1_223' title='bbox 821 1844 854 1883; x_wconf 86' lang='grc' dir='ltr'>εἰ</span> <span class='ocrx_word' id='word_1_224' title='bbox 880 1843 981 1883; x_wconf 86' lang='grc' dir='ltr'>πάνυ</span> <span class='ocrx_word' id='word_1_225' title='bbox 1005 1845 1122 1894; x_wconf 78' lang='grc' dir='ltr'>μικρὰ</span> <span class='ocrx_word' id='word_1_226' title='bbox 1147 1842 1380 1893; x_wconf 86' lang='grc' dir='ltr'>κεκτημένος</span> <span class='ocrx_word' id='word_1_227' title='bbox 1405 1842 1463 1893; x_wconf 83' lang='grc' dir='ltr'>ἧν.</span> <span class='ocrx_word' id='word_1_228' title='bbox 1567 1858 1604 1889; x_wconf 86' lang='lat'>25</span> 
     </span>
     <span class='ocr_line' id='line_1_30' title="bbox 283 1907 1544 1962; baseline 0 -15"><span class='ocrx_word' id='word_1_229' title='bbox 283 1910 397 1948; x_wconf 84' lang='grc' dir='ltr'>Οὕτω</span> <span class='ocrx_word' id='word_1_230' title='bbox 431 1911 562 1949; x_wconf 90' lang='grc' dir='ltr'>τοίνυν</span> <span class='ocrx_word' id='word_1_231' title='bbox 594 1910 711 1955; x_wconf 85' lang='grc' dir='ltr'>τινές,</span> <span class='ocrx_word' id='word_1_232' title='bbox 747 1907 777 1948; x_wconf 68' lang='grc' dir='ltr'><em>ὦ</em></span> <span class='ocrx_word' id='word_1_233' title='bbox 811 1910 948 1962; x_wconf 85' lang='grc' dir='ltr'>ἄνδρες</span> <span class='ocrx_word' id='word_1_234' title='bbox 981 1909 1196 1959; x_wconf 80' lang='grc' dir='ltr'>Ἀθηναῖοι,</span> <span class='ocrx_word' id='word_1_235' title='bbox 1233 1908 1377 1961; x_wconf 78' lang='grc' dir='ltr'>σφόδρ’</span> <span class='ocrx_word' id='word_1_236' title='bbox 1408 1908 1544 1962; x_wconf 81' lang='grc' dir='ltr'>ἕχονσ’</span> 
     </span>
     <span class='ocr_line' id='line_1_31' title="bbox 216 1974 1541 2029; baseline 0.001 -16"><span class='ocrx_word' id='word_1_237' title='bbox 216 1975 441 2026; x_wconf 83' lang='grc' dir='ltr'>ἀλογίστως</span> <span class='ocrx_word' id='word_1_238' title='bbox 471 1976 564 2015; x_wconf 80' lang='grc' dir='ltr'>ὥστ’</span> <span class='ocrx_word' id='word_1_239' title='bbox 595 1978 841 2029; x_wconf 74' lang='grc' dir='ltr'>ἐπιχειροῦσι</span> <span class='ocrx_word' id='word_1_240' title='bbox 870 1976 1006 2028; x_wconf 87' lang='grc' dir='ltr'>λέγειν</span> <span class='ocrx_word' id='word_1_241' title='bbox 1035 1976 1132 2029; x_wconf 85' lang='grc' dir='ltr'>πρὸς</span> <span class='ocrx_word' id='word_1_242' title='bbox 1167 1979 1238 2026; x_wconf 79' lang='grc' dir='ltr'>μὲν</span> <span class='ocrx_word' id='word_1_243' title='bbox 1274 1974 1380 2015; x_wconf 76' lang='grc' dir='ltr'>ταῦτ’</span> <span class='ocrx_word' id='word_1_244' title='bbox 1417 1975 1541 2022; x_wconf 80' lang='grc' dir='ltr'>οὐδέν,</span> 
     </span>
     <span class='ocr_line' id='line_1_32' title="bbox 215 2041 1543 2097; baseline 0.002 -17"><span class='ocrx_word' id='word_1_245' title='bbox 215 2041 321 2081; x_wconf 82' lang='grc' dir='ltr'>ἄλλα</span> <span class='ocrx_word' id='word_1_246' title='bbox 346 2044 387 2082; x_wconf 79' lang='grc' dir='ltr'>δὲ</span> <span class='ocrx_word' id='word_1_247' title='bbox 412 2044 550 2088; x_wconf 82' lang='grc' dir='ltr'>τοιαδί,</span> <span class='ocrx_word' id='word_1_248' title='bbox 580 2043 630 2084; x_wconf 87' lang='grc' dir='ltr'>ὡς</span> <span class='ocrx_word' id='word_1_249' title='bbox 655 2043 730 2095; x_wconf 84' lang='grc' dir='ltr'>ἄρα</span> <span class='ocrx_word' id='word_1_250' title='bbox 760 2043 900 2089; x_wconf 81' lang='grc' dir='ltr'>δεινόν,</span> <span class='ocrx_word' id='word_1_251' title='bbox 929 2045 962 2083; x_wconf 83' lang='grc' dir='ltr'>εἰ</span> <span class='ocrx_word' id='word_1_252' title='bbox 989 2045 1030 2083; x_wconf 85' lang='grc' dir='ltr'>ἐν</span> <span class='ocrx_word' id='word_1_253' title='bbox 1062 2046 1175 2097; x_wconf 81' lang='grc' dir='ltr'>κοινῷ</span> <span class='ocrx_word' id='word_1_254' title='bbox 1205 2046 1277 2093; x_wconf 81' lang='grc' dir='ltr'>μὲν</span> <span class='ocrx_word' id='word_1_255' title='bbox 1301 2042 1388 2093; x_wconf 82' lang='grc' dir='ltr'>μηδ’</span> <span class='ocrx_word' id='word_1_256' title='bbox 1414 2043 1543 2082; x_wconf 80' lang='grc' dir='ltr'>ὁτιοῦν</span> 
     </span>
     <span class='ocr_line' id='line_1_33' title="bbox 213 2107 1542 2166; baseline 0.002 -19"><span class='ocrx_word' id='word_1_257' title='bbox 213 2107 381 2162; x_wconf 84' lang='grc' dir='ltr'>ὑπάρχει</span> <span class='ocrx_word' id='word_1_258' title='bbox 429 2115 476 2166; x_wconf 77' lang='grc' dir='ltr'>τῇ</span> <span class='ocrx_word' id='word_1_259' title='bbox 525 2111 654 2155; x_wconf 86' lang='grc' dir='ltr'>πόλει,</span> <span class='ocrx_word' id='word_1_260' title='bbox 705 2110 782 2163; x_wconf 80' lang='grc' dir='ltr'>ἰδίᾳ</span> <span class='ocrx_word' id='word_1_261' title='bbox 824 2109 867 2149; x_wconf 85' lang='grc' dir='ltr'>δέ</span> <span class='ocrx_word' id='word_1_262' title='bbox 905 2126 1008 2151; x_wconf 86' lang='grc' dir='ltr'>τινες</span> <span class='ocrx_word' id='word_1_263' title='bbox 1051 2108 1322 2159; x_wconf 87' lang='grc' dir='ltr'>πλουτήσουσ’</span> <span class='ocrx_word' id='word_1_264' title='bbox 1362 2109 1542 2149; x_wconf 85' lang='grc' dir='ltr'>ἀτελείας</span> 
     </span>
    </p>
   </div>
   <div class='ocr_carea' id='block_1_5' title="bbox 258 2217 1539 2260">
    <p class='ocr_par' dir='ltr' id='par_1_5' title="bbox 258 2217 1539 2260">
     <span class='ocr_line' id='line_1_34' title="bbox 258 2217 1539 2260; baseline 0 -13"><span class='ocrx_word' id='word_1_265' title='bbox 258 2228 276 2247; x_wconf 85' lang='lat'><strong>2</strong></span> <span class='ocrx_word' id='word_1_266' title='bbox 317 2219 407 2250; x_wconf 80' lang='grc' dir='ltr'>ἔσται</span> <span class='ocrx_word' id='word_1_267' title='bbox 441 2219 517 2249; x_wconf 87' lang='lat' dir='ltr'>add.</span> <span class='ocrx_word' id='word_1_268' title='bbox 552 2225 630 2249; x_wconf 72' lang='lat' dir='ltr'>anto</span> <span class='ocrx_word' id='word_1_269' title='bbox 662 2221 703 2254; x_wconf 81' lang='grc' dir='ltr'>τῆ</span> <span class='ocrx_word' id='word_1_270' title='bbox 735 2219 828 2250; x_wconf 80' lang='grc' dir='ltr'>πόλει</span> <span class='ocrx_word' id='word_1_271' title='bbox 865 2218 910 2248; x_wconf 87' lang='lat' dir='ltr'>L:</span> <span class='ocrx_word' id='word_1_272' title='bbox 950 2223 1025 2257; x_wconf 82' lang='lat' dir='ltr'>post</span> <span class='ocrx_word' id='word_1_273' title='bbox 1057 2220 1098 2260; x_wconf 80' lang='grc' dir='ltr'>τῇ</span> <span class='ocrx_word' id='word_1_274' title='bbox 1129 2218 1223 2249; x_wconf 81' lang='grc' dir='ltr'>πόλει</span> <span class='ocrx_word' id='word_1_275' title='bbox 1256 2217 1365 2256; x_wconf 84' lang='lat' dir='ltr'><strong>vulg.:</strong></span> <span class='ocrx_word' id='word_1_276' title='bbox 1407 2227 1470 2248; x_wconf 87' lang='lat' dir='ltr'>om.</span> <span class='ocrx_word' id='word_1_277' title='bbox 1506 2217 1539 2247; x_wconf 79' lang='lat' dir='ltr'>S&#39;</span> 
     </span>
    </p>
   </div>
   <div class='ocr_carea' id='block_1_6' title="bbox 213 2253 1542 2397">
    <p class='ocr_par' dir='ltr' id='par_1_6' title="bbox 213 2253 1542 2397">
     <span class='ocr_line' id='line_1_35' title="bbox 213 2253 1542 2301; baseline 0 -9"><span class='ocrx_word' id='word_1_278' title='bbox 213 2270 232 2298; x_wconf 81' lang='lat'>3</span> <span class='ocrx_word' id='word_1_279' title='bbox 259 2261 350 2293; x_wconf 82' lang='grc' dir='ltr'>οὐδὲν</span> <span class='ocrx_word' id='word_1_280' title='bbox 367 2267 444 2291; x_wconf 81' lang='lat' dir='ltr'>ante</span> <span class='ocrx_word' id='word_1_281' title='bbox 462 2262 532 2294; x_wconf 80' lang='grc' dir='ltr'>οὐδὲ</span> <span class='ocrx_word' id='word_1_282' title='bbox 550 2264 626 2293; x_wconf 84' lang='lat' dir='ltr'>add.</span> <span class='ocrx_word' id='word_1_283' title='bbox 647 2253 693 2292; x_wconf 55' lang='lat' dir='ltr'>H:</span> <span class='ocrx_word' id='word_1_284' title='bbox 712 2262 882 2292; x_wconf 81' lang='lat' dir='ltr'>Richards</span> <span class='ocrx_word' id='word_1_285' title='bbox 1030 2272 1048 2298; x_wconf 84' lang='lat'>4</span> <span class='ocrx_word' id='word_1_286' title='bbox 1074 2261 1230 2300; x_wconf 83' lang='grc' dir='ltr'>αἰσχύνης</span> <span class='ocrx_word' id='word_1_287' title='bbox 1248 2262 1334 2301; x_wconf 81' lang='grc' dir='ltr'>ἄξιον</span> <span class='ocrx_word' id='word_1_288' title='bbox 1350 2260 1381 2290; x_wconf 89' lang='grc' dir='ltr'>Α</span> <span class='ocrx_word' id='word_1_289' title='bbox 1485 2262 1542 2301; x_wconf 84' lang='grc' dir='ltr'>ὅρα</span> 
     </span>
     <span class='ocr_line' id='line_1_36' title="bbox 216 2303 1540 2346; baseline -0.001 -13"><span class='ocrx_word' id='word_1_290' title='bbox 216 2304 250 2333; x_wconf 72' lang='lat'>5¹</span> <span class='ocrx_word' id='word_1_291' title='bbox 264 2304 293 2333; x_wconf 83' lang='lat' dir='ltr'>Y</span> <span class='ocrx_word' id='word_1_292' title='bbox 306 2305 356 2334; x_wconf 90' lang='lat' dir='ltr'>O:</span> <span class='ocrx_word' id='word_1_293' title='bbox 383 2308 477 2346; x_wconf 81' lang='grc' dir='ltr'>ὁρᾶτε</span> <span class='ocrx_word' id='word_1_294' title='bbox 498 2306 522 2335; x_wconf 92' lang='lat' dir='ltr'>L</span> <span class='ocrx_word' id='word_1_295' title='bbox 539 2307 643 2344; x_wconf 82' lang='lat' dir='ltr'>vulg.‚</span> <span class='ocrx_word' id='word_1_296' title='bbox 661 2306 700 2336; x_wconf 85' lang='lat' dir='ltr'>cs.</span> <span class='ocrx_word' id='word_1_297' title='bbox 723 2309 737 2342; x_wconf 62' lang='grc' dir='ltr'>ξ</span> <span class='ocrx_word' id='word_1_298' title='bbox 756 2315 797 2344; x_wconf 83' lang='lat'>55</span> <span class='ocrx_word' id='word_1_299' title='bbox 922 2315 938 2343; x_wconf 96' lang='lat'>7</span> <span class='ocrx_word' id='word_1_300' title='bbox 964 2305 1092 2336; x_wconf 80' lang='grc' dir='ltr'>πλείους</span> <span class='ocrx_word' id='word_1_301' title='bbox 1110 2306 1129 2342; x_wconf 81' lang='grc' dir='ltr'>ἢ</span> <span class='ocrx_word' id='word_1_302' title='bbox 1146 2305 1221 2334; x_wconf 83' lang='lat' dir='ltr'>add.</span> <span class='ocrx_word' id='word_1_303' title='bbox 1241 2303 1332 2334; x_wconf 81' lang='lat' dir='ltr'>Wcil</span> <span class='ocrx_word' id='word_1_304' title='bbox 1459 2313 1496 2333; x_wconf 85' lang='lat'>12</span> <span class='ocrx_word' id='word_1_305' title='bbox 1521 2306 1540 2340; x_wconf 80' lang='grc' dir='ltr'>ἢ</span> 
     </span>
     <span class='ocr_line' id='line_1_37' title="bbox 214 2347 1542 2397; baseline 0.002 -21"><span class='ocrx_word' id='word_1_306' title='bbox 214 2352 293 2397; x_wconf 25' lang='lat' dir='ltr'>a‘nte</span> <span class='ocrx_word' id='word_1_307' title='bbox 310 2349 439 2380; x_wconf 79' lang='grc' dir='ltr'>πλείους</span> <span class='ocrx_word' id='word_1_308' title='bbox 457 2349 532 2379; x_wconf 83' lang='lat' dir='ltr'>add.</span> <span class='ocrx_word' id='word_1_309' title='bbox 551 2348 574 2380; x_wconf 87' lang='lat' dir='ltr'>S</span> <span class='ocrx_word' id='word_1_310' title='bbox 588 2349 614 2379; x_wconf 89' lang='lat' dir='ltr'>L</span> <span class='ocrx_word' id='word_1_311' title='bbox 631 2349 720 2387; x_wconf 78' lang='lat' dir='ltr'>vulg.</span> <span class='ocrx_word' id='word_1_312' title='bbox 739 2361 745 2379; x_wconf 90' lang='lat'>:</span> <span class='ocrx_word' id='word_1_313' title='bbox 770 2359 833 2378; x_wconf 88' lang='lat' dir='ltr'>om.</span> <span class='ocrx_word' id='word_1_314' title='bbox 856 2348 886 2378; x_wconf 87' lang='lat' dir='ltr'><strong>A</strong></span> <span class='ocrx_word' id='word_1_315' title='bbox 1040 2358 1076 2386; x_wconf 91' lang='lat'>17</span> <span class='ocrx_word' id='word_1_316' title='bbox 1103 2349 1170 2389; x_wconf 82' lang='grc' dir='ltr'>εἰδῇ</span> <span class='ocrx_word' id='word_1_317' title='bbox 1190 2347 1223 2378; x_wconf 80' lang='grc'>51</span> <span class='ocrx_word' id='word_1_318' title='bbox 1239 2347 1263 2377; x_wconf 92' lang='lat' dir='ltr'>L</span> <span class='ocrx_word' id='word_1_319' title='bbox 1370 2347 1542 2379; x_wconf 82' lang='grc' dir='ltr'>ἐπέλειπον</span> 
     </span>
    </p>
   </div>
   <div class='ocr_carea' id='block_1_7' title="bbox 216 2390 903 2432">
    <p class='ocr_par' dir='ltr' id='par_1_7' title="bbox 216 2390 903 2432">
     <span class='ocr_line' id='line_1_38' title="bbox 216 2390 903 2432; baseline 0.001 -12"><span class='ocrx_word' id='word_1_320' title='bbox 216 2390 239 2420; x_wconf 64' lang='lat' dir='ltr'>b</span> <span class='ocrx_word' id='word_1_321' title='bbox 257 2402 263 2420; x_wconf 86' lang='grc'>;</span> <span class='ocrx_word' id='word_1_322' title='bbox 289 2392 440 2423; x_wconf 79' lang='grc' dir='ltr'>ἐπέλιπον</span> <span class='ocrx_word' id='word_1_323' title='bbox 457 2397 534 2423; x_wconf 82' lang='lat' dir='ltr'>cett.</span> <span class='ocrx_word' id='word_1_324' title='bbox 669 2403 711 2430; x_wconf 90' lang='lat'>29</span> <span class='ocrx_word' id='word_1_325' title='bbox 736 2392 858 2432; x_wconf 78' lang='grc' dir='ltr'>ὑπάρξει</span> <span class='ocrx_word' id='word_1_326' title='bbox 879 2391 903 2421; x_wconf 79' lang='lat' dir='ltr'>F</span> 
     </span>
    </p>
   </div>
  </div>
 </body>
</html>
