1737 2734
105 145 215 200 [538]

169 530 210 566 75

97 851 211 905 [539]

666 146 1154 184 ΔΗΜΟΣΘΕΝΟΎΣ
1485 142 1572 195 [xm

245 249 378 300 πολλή
414 267 482 300 μοι
518 250 564 300 ἦν
595 249 747 300 ἀνάγκη
781 249 961 299 βαδίζειν
991 253 1240 302 χορηγοῦντι.
1315 250 1377 290 καὶ
1407 251 1574 300 ἐμαυτὸν

243 316 317 366 μέν
342 316 390 368 γ’,
419 315 448 356 ὦ
479 316 616 368 ἄνδρες
648 316 864 365 Ἀθηναῖοι,
893 317 1126 367 σωφρόνως,
1154 319 1310 366 μᾶλλον
1339 316 1372 357 δ’
1403 318 1573 370 εὐτυχῶς

244 383 352 433 οἶμαι
377 385 690 433 βεβουλεῦσθαι,
711 383 989 435 ἀνασχόμενον
1014 383 1103 422 τότε
1125 383 1187 422 καὶ
1212 383 1326 423 οὐδὲν
1351 383 1573 433 ἀνήκεστον

245 448 466 503 ἐξαχθέντα
495 448 652 500 πρᾶξαι·
703 453 754 502 τῷ
788 448 819 488 δ’
853 449 1025 488 Εὐαίωνι
1055 449 1118 488 καὶ
1147 451 1283 495 πᾶσιν,
1317 451 1353 490 εἴ
1380 466 1437 491 Τις
1469 451 1571 504 αὐτῷ

244 515 498 566 βεβοήθηκεν
516 516 810 565 ἀτιμαζόμενος,
830 515 987 564 πολλὴν
1004 516 1241 567 συγγνώμην
1259 516 1350 568 ἔχω.
1413 519 1572 556 δοκοῦσι

245 581 287 622 δέ
310 599 376 632 μοι
407 583 470 622 καὶ
499 586 576 621 τῶν
601 581 852 621 δικασάντων
877 582 966 621 τότε
987 583 1145 622 πολλοί·
1197 582 1324 621 ἀκούω
1355 584 1429 634 γὰρ
1455 582 1572 622 αὐτὸν

244 649 370 701 ἔγωγε
399 654 468 703 μιᾷ
499 649 620 699 μόνον
651 650 802 688 ἁλῶναι
832 646 972 702 ψήφῳ,
1006 648 1067 687 καὶ
1101 647 1206 688 ταῦτ’
1236 648 1325 688 οὔτε
1355 649 1572 688 κλαύσαντ’

243 715 330 755 οὔτε
351 714 538 763 δεηθέντα
554 719 632 754 τῶν
652 717 849 754 δικαστῶν
869 715 1039 762 οὐδενός,
1061 715 1149 754 οὔτε
1174 714 1458 765 φιλάνθρωπον
1485 716 1572 755 οὔτε

242 781 381 834 μικρὸν
407 782 495 822 οὔτε
520 781 608 833 μέγ’
629 781 709 821 οὐδ’
730 782 860 821 ὁτιοῦν
886 781 982 832 πρὸς
1007 780 1096 822 τοὺς
1121 783 1308 822 δικαστὰς
1335 781 1570 831 ποιήσαντα.

244 851 372 899 θῶμεν
401 849 534 888 τοίνυν
565 848 724 893 οὑτωσί,
756 848 846 889 τοὺς
875 849 947 897 μὲν
983 848 1249 898 καταγνόντας
1280 847 1398 888 αὐτοῦ
1427 847 1479 899 μὴ
1512 850 1572 888 ὅτι

243 914 428 965 ἠμύνατο,
457 916 520 954 διὰ
550 919 664 955 τοῦτο
699 915 1074 966 καταψηφίσασθαι,
1111 913 1202 953 ἀλλ’
1240 915 1300 954 ὅτι
1335 919 1475 954 τοῦτον
1505 918 1572 954 τὸν

242 983 390 1033 τρόπον
415 982 518 1022 ὥστε
540 982 602 1021 καὶ
628 982 867 1026 ἀποκτεῖναι,
895 982 984 1022 τοὺς
1010 980 1043 1020 δ’
1065 982 1312 1032 ἀπογνόντας
1341 983 1403 1022 καὶ
1428 982 1573 1031 ταύτην

244 1049 315 1098 τὴν
339 1048 571 1100 ὑπερβολὴν
589 1050 658 1097 τῆς
678 1049 864 1099 τιμωρίας
881 1052 932 1101 τῷ
954 1065 998 1099 γε
1018 1047 1062 1087 τὸ
1083 1047 1182 1096 σῶμ’
1202 1047 1431 1102 ὑβρισμένῳ
1452 1051 1569 1088 δεδω-

246 1115 365 1156 κέναι.
438 1117 479 1155 τί
506 1116 593 1157 οὖνῑ
648 1115 732 1165 ἐμοὶ
767 1119 820 1169 τῷ
847 1115 1021 1170 τοσαύτῃ
1053 1114 1280 1168 κεχρημένῳ
1315 1117 1480 1168 προνοίᾳ
1505 1119 1573 1154 τοῦ

242 1184 364 1232 μηδὲν
407 1181 627 1231 ἀνήκεστον
668 1181 869 1233 γενέσθαι,
914 1182 1018 1221 ὥστε
1060 1181 1148 1230 μηδ’
1188 1182 1423 1231 ἀμύνασθαι,
1468 1184 1572 1233 παρὰ

242 1253 310 1289 τοῦ
339 1249 410 1298 τὴν
447 1250 636 1299 τιμωρίαν
672 1250 725 1288 ῶν
752 1247 916 1289 πέπονθ’
955 1249 1196 1297 ἀποδοθῆναι
1229 1247 1441 1299 προσήκει;
1494 1250 1572 1300 ἐγὼ

242 1318 315 1366 μὲν
351 1315 458 1366 οἶμαι
495 1315 585 1367 παρ’
621 1316 728 1365 ὑμῶν
763 1316 824 1355 καὶ
861 1319 937 1355 τῶν
971 1315 1114 1364 νόμων,
1152 1315 1213 1354 καὶ
1249 1315 1498 1367 παράδειγμά
1527 1333 1571 1367 γε

242 1385 341 1422 πᾶσι
366 1382 554 1434 γενέσθαι
579 1385 661 1423 τοῖς
686 1382 840 1427 ἄλλοις,
862 1383 922 1421 ὅτι
946 1381 1034 1422 τοὺς
1059 1382 1292 1432 ὑβρίζοντας
1313 1381 1490 1423 ἅπαντας
1511 1383 1572 1421 καὶ

241 1450 330 1490 τοὺς
357 1450 546 1500 ἀσελγεῖς
571 1450 637 1489 οὐκ
658 1448 775 1488 αὐτὸν
796 1449 1014 1498 ἀμύνεσθαι
1032 1450 1131 1498 μετὰ
1147 1450 1215 1497 τῆς
1241 1449 1373 1500 ὀργῆς,
1393 1448 1484 1488 ἀλλ’
1505 1449 1570 1500 ἐφ’

241 1517 338 1566 ὑμᾶς
356 1516 468 1568 ἄγειν
493 1519 564 1562 δεῖ,
587 1516 637 1557 ὡς
663 1516 939 1566 βεβαιούντων
969 1516 1075 1565 ὑμῶν
1105 1515 1167 1555 καὶ
1195 1516 1478 1567 φυλαττόντων
1503 1518 1572 1557 τὰς

240 1584 283 1623 ἐν
307 1587 388 1625 τοῖς
415 1584 549 1633 νόμοις
569 1587 651 1624 τοῖς
677 1585 848 1623 παθοῦσι
872 1583 1076 1632 βοηθείας.

306 1649 431 1700 Οἶμαι
468 1650 599 1690 τοίνυν
639 1651 748 1691 τινας
792 1651 911 1699 ὑμῶν,
957 1647 986 1688 ὦ
1024 1648 1161 1700 ἄνδρες
1199 1649 1395 1694 δικασταί,
1434 1651 1570 1688 ποθεῖν

242 1717 408 1756 ἀκοῦσαι
433 1716 505 1766 τὴν
531 1718 690 1770 ἔχθραν,
720 1717 804 1766 ἥτις
835 1715 880 1765 ἦν
906 1716 998 1766 ἡμῖν
1025 1715 1120 1767 πρὸς
1147 1715 1360 1764 ἀλλήλους·
1399 1716 1570 1765 νομίζειν

239 1785 313 1834 γὰρ
339 1783 463 1823 οὐδέν’
490 1784 538 1824 ἂν
565 1784 782 1835 ἀνθρώπων
813 1785 935 1823 οὕτως
966 1783 1151 1833 ἀσελγῶς
1182 1782 1243 1821 καὶ
1273 1783 1414 1831 βιαίως
1444 1782 1571 1821 οὐδενὶ

239 1854 317 1890 τῶν
346 1854 521 1891 πολιτῶν
558 1849 801 1903 χρήσασθαι,
834 1849 885 1899 μὴ
918 1848 1096 1900 μεγάλου
1135 1849 1240 1890 τινὸς
1270 1851 1383 1889 ὄντος
1413 1847 1433 1887 ὃ
1468 1849 1570 1900 αὐτῷ

240 1918 530 1969 προωφείλετο.
593 1917 793 1967 βούλομαι
820 1916 866 1965 δῖ]
895 1917 956 1955 καὶ
982 1917 1070 1966 περὶ
1095 1915 1237 1965 ταύτης
1262 1916 1351 1965 ὑμῖν
1377 1914 1423 1965 ἐξ
1446 1915 1571 1967 ἀρχῆς

241 1985 366 2024 εἰπεῖν
396 1984 460 2024 καὶ
486 1983 768 2035 διηγήσασθαι,
804 1983 852 2023 ἵν’
880 1982 1000 2033 εἰδῆθ’
1026 1983 1086 2021 ὅτι
1116 1983 1179 2022 καὶ
1208 1982 1358 2021 τούτων
1394 1983 1570 2033 ὀφείλων

239 2052 350 2101 δίκην
381 2051 618 2103 φανήσεται.
693 2050 808 2090 ἔσται
840 2053 881 2090 δὲ
912 2049 1068 2101 βραχὺς
1105 2049 1193 2099 περὶ
1228 2049 1354 2088 αὐτῶν
1383 2049 1403 2086 ὁ
1433 2048 1567 2100 λόγος,

240 2117 311 2157 κᾶν
347 2117 497 2158 ἄνωθεν
528 2118 723 2171 ἄρχεσθαι
756 2120 868 2156 δοκῶ.
942 2116 1056 2166 ἡνίκα
1082 2117 1150 2156 τὰς
1180 2117 1287 2156 δίκας
1318 2115 1467 2167 ἔλαχον
1493 2119 1569 2154 τῶν

282 2238 301 2267 3
325 2228 431 2264 οὐδὲνἾ,
458 2228 558 2267 μηδὲν
585 2227 655 2258 AF
818 2237 836 2266 5
863 2226 1093 2265 ἀτιμαζόμενος
1120 2225 1247 2256 SAF:
1282 2224 1502 2265 ἀτιμαζομένῳ
1525 2225 1567 2255 al.

237 2274 259 2302 6
283 2273 380 2303 αὐτὸν
397 2278 472 2311 post
490 2272 588 2310 μόνον
606 2271 635 2300 Α
798 2281 835 2308 19
859 2273 917 2307 τῆς
941 2270 1021 2300 secl.
1045 2270 1181 2299 Dobree
1338 2278 1374 2298 21
1404 2273 1479 2307 post
1501 2271 1570 2300 τοῖς

239 2315 345 2354 νόμοις
362 2317 437 2346 add.
455 2317 536 2347 κατὰ
552 2318 617 2346 τῶν
632 2314 827 2346 ἀδικούντων
841 2314 929 2352 vulg.
945 2325 951 2342 :
977 2323 1040 2342 om.
1060 2312 1083 2342 S
1097 2313 1125 2341 Α
1196 2311 1359 2350 βοηθείας]
1377 2313 1525 2352 τιμωρίας
1539 2311 1569 2340 Α

239 2371 277 2397 ‘24
304 2361 342 2390 ἃν
359 2364 437 2389 ante
456 2360 626 2400 ἀνθρώπων
648 2368 714 2388 om.
737 2358 782 2386 S:
810 2362 884 2395 post
906 2360 1049 2387 πολιτῶν
1073 2356 1146 2385 add.
1172 2355 1199 2384 Α
1216 2355 1240 2384 F
1387 2357 1428 2385 28
1453 2357 1568 2391 λαβεῖν

239 2408 313 2441 post
333 2404 423 2439 δίκην
441 2403 516 2433 add.
534 2402 643 2439 vulg:
669 2412 733 2431 om.
750 2401 773 2431 S
791 2402 883 2430 solus
955 2400 1078 2440 βραχὺς
1096 2399 1166 2439 περὶ
1185 2400 1289 2430 αὐτῶν
1303 2398 1351 2428 A:
1379 2399 1446 2438 περὶ
1466 2400 1569 2429 αὐτῶν

239 2447 361 2485 βραχὺς
382 2449 404 2476 S
423 2447 513 2484 vulg.

1596 865 1634 885 10

1597 1198 1631 1227 ¹5

1595 1529 1632 1550 20

1594 1861 1630 1890 25
