1737 2734
168 157 256 212 xxt]
591 163 750 200 ΚΑΤΑ
801 162 1074 200 ΜΕΙΔΙΟὙ

166 267 266 316 μετὰ
289 266 378 308 τοὺς
403 268 445 306 ἐν
470 272 519 323 τῇ
543 270 674 322 βουλῇ
697 267 855 306 τούτους
879 266 1037 317 λόγους,
1057 266 1099 304 ἐν
1117 264 1176 305 οἷς
1194 264 1408 317 αὐτόχειρα
1433 263 1495 302 καὶ

167 335 214 372 τὰ
243 333 435 373 δεινότατ’
461 332 605 383 εἰρήκει
635 333 705 372 τὸν
730 333 1008 385 Ἀρίσταρχον,
1037 332 1163 381 ὤμνυε
1191 333 1263 381 μὲν
1290 330 1373 369 κατ’
1397 328 1493 378 ἐξω-

166 400 277 441 λείας
302 402 423 450 μηδὲν
449 400 644 451 εἰρηκέναι
671 398 752 439 κατ’
772 400 888 439 αὐτοῦ
913 402 1105 450 φλαῦρον,
1125 398 1188 438 καὶ
1211 397 1325 437 οὐδὲν
1350 397 1493 448 ἐφρόν-

167 466 246 516 τιζ’
274 467 480 517 ἐπιορκῶν,
515 467 577 506 καὶ
606 470 726 506 ταῦτα
758 466 963 517 παρόντων
993 469 1072 504 τῶν
1101 465 1352 509 συνειδότων,
1382 462 1495 514 ἠξίου

129 551 145 581 5
168 534 211 573 δὲ
240 533 301 572 καὶ
332 536 428 584 πρὸς
459 532 517 583 ἔμ’
545 534 646 587 αὐτῷ
681 532 728 572 δι’
755 533 904 572 ἐκείνου
937 533 1149 584 γίγνεσθαι
1180 533 1249 572 τὰς
1278 531 1492 575 διαλύσεις,

167 599 314 639 τούτων
339 599 428 640 τοὺς
453 601 650 650 παρόντας
675 600 765 649 ὑμῖν
792 603 896 638 καλῶ
922 598 1130 649 μάρτυρας.
1194 598 1318 637 καίτοι
1344 601 1425 638 πῶς
1449 597 1495 636 οὐ

168 666 310 711 δεινόν,
343 665 372 705 ὦ
405 665 542 718 ἄνδρες
575 666 789 716 Ἀθηναῖοι,
821 668 979 716 μᾶλλον
1014 664 1046 705 δ’
1081 664 1242 714 ἀσεβές,
1275 664 1410 716 λέγειν
1443 664 1495 705 ὡς

167 733 326 783 φονεύς,
349 733 411 772 καὶ
436 733 558 773 πάλιν
584 733 636 774 ὡς
661 732 727 772 οὐκ
753 734 881 783 εἴρηκε
901 731 1006 771 ταῦτ’
1028 731 1261 781 ἀπομνύναι,
1280 731 1342 770 καὶ
1368 731 1495 783 φόνον

166 801 238 849 μὲν
258 800 473 849 ὀικέιδίζειν,
494 800 617 854 τούτῳ
644 799 676 838 δ’
697 799 925 851 ὁμωρόφιον
950 799 1179 850 γίγνεσθαι;
1219 797 1290 837 κᾶν
1312 800 1385 848 μὲν
1404 798 1494 849 ἀφῶ

111 881 148 904 10
167 869 307 906 τοῦτον
331 868 407 918 ἐγὼ
435 867 497 906 καὶ
523 869 653 918 προδῶ
679 865 749 916 τὴν
772 864 963 918 ὑμετέραν
985 865 1345 917 καταχειροτονίαν,
1364 864 1492 909 οὐδέν,

168 932 219 974 ὡς
257 932 362 978 ἔοικ’,
397 934 528 973 ἀδικῶ·
567 933 615 973 ἂν
651 932 684 972 δ’
715 931 869 983 ἐπεξίω,
901 931 1073 972 λέλοιπα
1109 931 1180 980 τὴν
1215 931 1338 982 τάξιν,
1370 932 1495 983 φόνον

169 1003 352 1046 κοινωνῶ,
381 1002 443 1039 δεῖ
462 999 502 1050 μ’
526 999 790 1051 ἀνηρπάσθαι.
840 1001 918 1052 ἐγὼ
943 998 976 1039 δ’
1002 998 1095 1039 αὐτὸ
1120 998 1350 1038 τούναντίον
1374 997 1493 1048 οἶμαι,

168 1067 201 1105 εἰ
231 1069 371 1106 τοῦτον
400 1067 549 1118 ἀφῆκα,
579 1066 811 1107 λελοιπέναι
838 1066 924 1118 μέν,
956 1064 985 1106 ὦ
1017 1065 1153 1118 ἄνδρες
1180 1065 1397 1115 Ἀθηναῖοι,
1425 1065 1495 1114 τὴν

168 1136 236 1172 τοῦ
265 1134 416 1173 δικαίου
438 1133 564 1183 τάξιν,
591 1135 718 1186 φόνου
745 1134 777 1174 δ’
803 1133 851 1174 ἂν
882 1134 1041 1175 εἰκότως
1072 1135 1222 1187 ἐμαυτῷ
1252 1136 1408 1185 λαχεῖν·
1452 1132 1496 1171 οὐ

111 1218 145 1251 15
168 1200 242 1250 γὰρ
267 1198 314 1249 ἦν
339 1217 407 1250 μοι
430 1199 556 1250 δήπου
579 1200 729 1252 βιωτὸν
752 1205 867 1241 τοῦτο
893 1199 1117 1250 ποιήσαντι.
1190 1201 1250 1240 ὅτι
1275 1200 1408 1239 τοίνυν
1434 1200 1496 1239 καὶ

220 1269 238 1277 Α
263 1265 272 1280 3
307 1267 317 1280 3

167 1283 261 1306 ταυτ
299 1269 426 1317 αληθῆ
452 1266 571 1319 λέγω,
602 1267 713 1308 κάλει
737 1285 805 1318 μοι
830 1269 893 1308 καὶ
917 1267 1067 1308 τούτων
1091 1266 1182 1308 τοὺς
1206 1265 1414 1319 μάρτυρας.

722 1370 940 1399 ΜΑΡΤΎΡΕΣ.

221 1424 454 1477 [Λυσίμαχος
478 1425 746 1476 Ἀλωπεκῆθεν,
776 1428 926 1476 Δημέας
953 1428 1132 1470 Σουνιεύς,
1160 1427 1288 1475 Χάρης
1316 1426 1494 1476 Θορίκιος,

167 1481 344 1530 Φιλήμων
365 1482 562 1530 Σφήττιος,
579 1482 739 1532 Μόσχος
760 1482 967 1525 Παιανιεύς,
983 1480 1061 1518 καθ’
1081 1481 1142 1520 οὓς
1163 1481 1307 1530 καιροὺς
1326 1481 1349 1528 ἡ
1371 1482 1496 1531 εἰσαγ-

109 1552 148 1574 20
167 1536 274 1586 γελία
302 1535 410 1584 ἐδόθη
432 1538 480 1575 εἷς
506 1536 573 1584 τὴν
598 1536 744 1584 βουλὴν
764 1538 854 1585 ὑπὲρ
881 1535 1130 1585 Ἀριστάρχου
1154 1537 1219 1572 τοῦ
1245 1535 1419 1585 Μόσχου,
1440 1534 1495 1572 ὅτι

169 1589 224 1638 εἴη
252 1589 465 1639 Νικόδημον
494 1591 710 1634 ἀπεκτονώς,
734 1590 882 1639 οἴδαμεν
909 1590 1064 1627 Μειδίαν
1092 1590 1156 1627 τὸν
1186 1590 1395 1638 κρινόμενον
1424 1590 1495 1626 ὑπὸ

169 1644 446 1693 Δημοσθένους,
469 1642 496 1695 ᾧ
514 1647 780 1694 μαρτυροῦμεν,
802 1644 959 1682 ἐλθόντα
984 1645 1075 1694 πρὸς
1098 1644 1165 1692 τὴν
1188 1643 1335 1692 βουλὴν
1356 1643 1415 1680 καὶ
1435 1644 1495 1680 λέ-

169 1715 283 1750 γοντα
301 1698 440 1748 μηδένα
461 1700 583 1748 ἕτερον
611 1698 700 1736 εἶναι
725 1700 789 1737 τὸν
810 1699 1024 1748 Νικοδήμου
1044 1699 1172 1746 φονέα,
1195 1697 1281 1735 ἀλλ’
1299 1697 1495 1747 Ἀρίσταρ-

168 1770 247 1803 χον,
272 1753 330 1790 καὶ
355 1755 485 1790 τοῦτον
515 1755 625 1790 αὐτοῦ
651 1754 841 1804 γεγονέναι
864 1754 1072 1803 αὐτόχειρα,
1098 1753 1157 1790 καὶ
1186 1753 1494 1802 συμβουλεύοντα

111 1823 148 1855 25
169 1808 217 1857 τῇ
234 1808 362 1857 βουλῇ
381 1807 547 1855 βαδίζειν
567 1808 626 1845 ἐπὶ
651 1808 718 1856 τὴν
744 1808 860 1845 οἰκίαν
883 1808 951 1856 τὴν
970 1807 1219 1857 Ἀριστάρχου
1240 1807 1299 1843 καὶ
1323 1809 1495 1855 συλλαμ-

169 1862 299 1909 βάνειν
319 1862 440 1899 αὐτόν.
480 1865 594 1899 ταῦτα
609 1861 639 1899 δ’
659 1862 764 1913 ἔλεγε
779 1863 870 1912 πρὸς
887 1863 954 1910 τὴν
973 1862 1120 1911 βουλὴν
1139 1863 1186 1912 τῇ
1204 1861 1403 1911 προτεραίᾳ
1418 1859 1497 1910 μετ’

169 1915 419 1966 Ἀριστάρχου
454 1917 513 1953 καὶ
545 1915 626 1966 μεθ’
659 1918 760 1965 ἡμῶν
794 1916 1114 1965 συνδεδειπνηκώς.
1184 1915 1333 1965 οἴδαμεν
1366 1915 1404 1952 δὲ
1438 1915 1497 1952 καὶ

170 1969 338 2014 Μειδίαν,
360 1972 406 2010 ὡς
426 1970 593 2019 ἀπῆλθεν
617 1969 689 2008 ἀπὸ
716 1973 780 2019 τῆς
805 1972 949 2019 βουλῆς
969 1972 1118 2010 τούτους
1143 1970 1228 2009 τοὺς
1247 1970 1382 2021 λόγους
1403 1971 1497 2018 εἰρη-

171 2024 251 2070 κώς,
274 2024 545 2073 εἰσεληλυθότα
565 2026 678 2062 πάλιν
698 2027 743 2064 ὡς
763 2024 1012 2076 Ἀρίσταρχον
1033 2025 1091 2062 καὶ
1114 2025 1181 2072 τὴν
1204 2023 1324 2068 δεξιὰν
1343 2020 1416 2075 [ὡς]
1437 2026 1497 2072 ἐμ-

111 2092 151 2122 30
170 2078 395 2126 βεβληκότα
423 2079 482 2116 καὶ
512 2080 694 2128 ὀμνύοντα
723 2078 799 2116 κατ’
824 2079 994 2123 ἐξωλείας
1019 2079 1132 2128 μηδὲν
1163 2077 1240 2116 κατ’
1268 2080 1378 2115 αὐτοῦ
1407 2078 1497 2126 πρὸς

170 2132 237 2181 τὴν
265 2133 412 2181 βουλὴν
442 2135 621 2182 εἰρηκέναι
650 2135 806 2181 φαῦλον,
838 2135 897 2170 καὶ
927 2134 1096 2177 ἀξιοῦντα
1125 2132 1372 2183 Ἀρίσταρχον
1402 2133 1498 2171 ὅπως

171 2186 214 2225 ἂν
235 2186 417 2237 διαλλάξῃ
438 2189 535 2237 αὐτῷ
555 2184 831 2238 Δημοσθένην.]

216 2298 236 2328 3
262 2290 333 2321 κατ’
360 2291 457 2321 αὐτοῦ
481 2290 520 2322 Α.
547 2290 586 2321 cf.
615 2293 629 2327 ξ
659 2300 742 2320 121:
769 2292 839 2331 περὶ
865 2293 960 2323 αὐτοῦ
986 2291 1009 2321 S
1034 2291 1121 2330 vulg.
1215 2292 1359 2331 φλαῦρον
1383 2290 1496 2328 vulg.:

173 2336 297 2372 φαῦλον
316 2333 338 2363 S
352 2333 380 2363 Y
394 2333 424 2363 O
439 2334 474 2372 P,
495 2334 534 2363 cf.
559 2337 573 2370 ξ
594 2344 651 2364 121
829 2345 866 2363 12
891 2336 968 2366 αὐτὸ
985 2335 1174 2366 τούναντίον
1192 2333 1227 2370 S,
1248 2333 1288 2364 cf.
1308 2333 1376 2363 xxii
1394 2343 1434 2372 5:
1461 2333 1499 2364 αὖ

173 2377 362 2408 τούναντίον
378 2382 456 2407 cett.
631 2379 669 2407 18
693 2377 799 2418 Χάρης
819 2378 946 2407 Reiske
963 2390 969 2407 τ
995 2378 1108 2418 χιάρης
1124 2377 1220 2407 codd.
1389 2387 1429 2406 20
1455 2379 1498 2408 εἰς

175 2419 355 2450 Schaefer:
381 2421 401 2457 ἡ
420 2422 464 2452 εἰς
482 2421 580 2451 codd.
698 2430 735 2458 24
762 2423 858 2452 αὐτοῦ
876 2421 904 2450 Y
919 2422 948 2451 O
963 2421 1008 2451 P:
1035 2422 1131 2452 αὐτὸν
1149 2420 1172 2450 S
1190 2419 1278 2459 vulg.
1393 2431 1435 2459 29
1459 2422 1498 2452 ὡς

174 2463 237 2493 del.
258 2463 383 2502 Taylor
501 2473 539 2502 31
560 2466 686 2504 φαῦλον
703 2465 798 2495 codd.
817 2475 823 2494 ε
849 2467 992 2504 φλαῦρον
1011 2464 1157 2494 Dindorf

1531 157 1638 212 [553]

1528 613 1594 637 120

1528 932 1637 986 [554]
