1737 2734
95 151 209 206 [487]

166 405 210 439 99

145 867 210 892 100

142 1331 200 1355 101

90 1450 204 1504 [488]

135 1859 198 1884 102

658 152 1144 190 ΔΗΜΟΣΘΕΝΟΎΣ
1498 147 1564 201 [m

241 257 338 297 ἴσως
376 255 505 307 λέγων
544 254 736 306 παράγειν
772 255 869 305 ὑμᾶς
907 253 1078 305 ζητήσει.
1149 255 1226 306 ἔφη
1264 257 1338 306 γὰρ
1374 254 1569 306 ἐξαπάτης

243 323 372 362 εἵνεκα
405 320 737 373 παραγεγράφθαι
770 324 910 360 τοῦτον
943 320 1011 361 τὸν
1044 322 1177 371 νόμον,
1213 322 1281 361 ἐὰν
1313 321 1345 360 δ’
1376 321 1420 362 ὃν
1453 321 1568 363 αὐτὸς

241 387 380 438 ἔθηκεν
412 388 524 442 λυθῇ,
557 391 694 426 τοῦτον
727 387 771 426 οὐ
802 385 1058 436 τεθήσεσθαι.
1130 389 1207 439 ἐγὼ
1243 387 1287 433 δ’,
1323 389 1382 427 ὅτι
1415 390 1487 438 μὲν
1521 389 1565 444 τῇ

242 453 407 507 ὑμετέρᾳ
435 453 561 507 ψήφῳ
595 457 662 492 τοῦ
696 454 832 493 τούτου
865 454 984 503 νόμον
1016 453 1203 495 λυθέντος
1234 454 1303 494 τὸν
1335 470 1563 505 παρεισενε-

241 520 387 573 χθέντα
421 521 552 570 κύριον
585 519 684 559 εἶναι
716 523 857 571 σαφῶς
887 521 907 558 ὁ
937 519 1106 562 παλαιὸς
1139 521 1289 560 κελεύει
1322 521 1453 570 νόμος,
1483 520 1566 560 καθ’

241 586 285 626 ὃν
315 588 351 626 οἱ
386 585 621 636 θεσμοθέται
654 589 792 626 τοῦτον
825 587 914 635 ὑμῖν
948 586 1224 638 παρέγραψαν,
1258 586 1379 632 ἐάσω,
1414 587 1478 627 ἵνα
1513 587 1564 637 μὴ

241 654 329 703 περὶ
362 653 499 693 τούτου
531 669 590 694 τις
623 651 812 707 ἀντιλέγῃ
845 670 924 702 μοι,
957 652 1048 692 ἀλλ’
1074 652 1135 692 ἐπ’
1167 652 1280 693 ἐκεῖν’
1311 652 1401 703 εἶμι.
1472 655 1566 694 ὅταν

241 722 361 758 ταῦτα
390 719 490 774 λέγῃ
520 718 658 768 δήπου,
691 720 879 770 ὁμολογεῖ
909 721 980 769 μὲν
1015 719 1114 759 εἶναι
1146 720 1295 768 βελτίω
1324 720 1384 759 καὶ
1418 721 1563 759 δικαιό-

240 802 353 837 τερον
376 787 488 825 τόνδε
513 785 580 825 τὸν
615 786 735 835 νόμον
764 785 808 824 οὗ
838 785 1010 825 τέθεικεν
1036 785 1163 829 αὐτός,
1190 786 1286 835 ὑπὲρ
1316 788 1357 825 δὲ
1388 789 1455 825 τοῦ
1483 790 1565 827 πῶς

239 851 449 901 τεθήσεται
465 856 632 892 ποιεῖται
651 851 719 892 τὸν
738 853 873 903 λόγον.
934 856 1086 903 πρῶτον
1106 854 1177 902 μὲν
1193 854 1324 891 τοίνυν
1341 852 1443 891 εἰσὶν
1463 852 1563 906 αὐτῷ

241 920 336 958 κατὰ
369 923 436 958 τοῦ
470 918 808 970 παρεισφέροντος
842 919 986 958 πολλοὶ
1019 919 1168 970 τρόποι,
1201 918 1247 958 δι’
1280 919 1346 964 ὧν,
1382 917 1429 958 ἂν
1465 919 1561 968 βού-

237 991 366 1035 ληται,
395 989 518 1026 θεῖναι
537 985 606 1024 τὸν
632 986 751 1035 νόμον
776 984 893 1025 αὐτὸν
918 985 1149 1036 ἀναγκάσει.
1211 984 1330 1025 ἔπειτ’
1348 985 1562 1036 ἐγγυώμεθ’

237 1052 360 1102 ἡμεῖς,
394 1053 483 1103 ἐγώ,
512 1053 709 1103 Φορμίων,
742 1051 869 1091 ἄλλον
904 1053 939 1091 εἴ
971 1068 1057 1091 τινα
1088 1051 1293 1101 βούλεται,
1322 1050 1461 1101 θήσειν
1493 1051 1562 1092 τὸν

237 1119 370 1168 νόμον.
443 1119 530 1158 ἔστι
566 1121 607 1158 δὲ
644 1117 766 1168 δήπου
804 1119 922 1168 νόμος
957 1119 1059 1168 ὑμῖν,
1093 1117 1161 1158 ἐάν
1196 1134 1254 1159 τις
1287 1118 1562 1170 ὑποσχόμενός

236 1201 274 1224 τι
304 1185 372 1225 τὸν
406 1188 528 1235 δῆμον
560 1182 580 1234 ἦ
610 1184 680 1234 τὴν
713 1184 869 1235 βουλὴν
904 1181 925 1234 ἦ
959 1184 1210 1236 δικαστήριον
1244 1183 1486 1240 ἐξαπατήσῃ,
1514 1186 1561 1224 τῖι

237 1251 391 1304 ἔσχατα
406 1251 593 1305 πάσχειν.
652 1252 894 1303 ἐγγυώμεθα,
916 1252 1227 1304 ὑπισχνούμεθα·
1265 1252 1300 1291 οἱ
1327 1250 1562 1301 θεσμοθέται

235 1322 357 1358 ταῦτα
385 1320 636 1370 γραφόντων,
665 1319 729 1358 ἐπὶ
754 1318 906 1360 τούτοις
930 1317 974 1357 τὸ
1000 1320 1159 1370 πρᾶγμα
1188 1316 1399 1370 γιγνέσθω.
1470 1317 1560 1366 μήθ’

236 1385 344 1435 ὑμεῖς
381 1384 572 1435 ποιήσητε
608 1387 730 1434 μηδὲν
766 1383 927 1435 ἀνάξιον
964 1385 1069 1434 ὑμῶν
1107 1385 1246 1430 αὐτῶν,
1284 1382 1393 1433 μήτε,
1433 1386 1468 1423 εἴ
1503 1400 1560 1425 τις

236 1452 390 1502 φαῦλός
420 1453 507 1491 ἐστι
536 1455 612 1491 τῶν
643 1451 865 1503 εὑρημένων
895 1451 965 1501 τὴν
994 1450 1171 1503 δωρειάν,
1200 1450 1337 1503 ἐχέτω,
1365 1449 1455 1490 ἀλλ’
1483 1451 1561 1503 ἰδίᾳ

236 1520 332 1558 κατὰ
365 1519 478 1558 τόνδε
517 1517 683 1570 κριθήτω
716 1518 784 1558 τὸν
818 1519 952 1568 νόμον.
1024 1519 1057 1557 εἰ
1091 1520 1130 1557 δὲ
1164 1521 1286 1557 ταῦτα
1319 1517 1463 1568 λόγους
1497 1518 1560 1557 καὶ

233 1586 428 1637 φλυαρίας
459 1585 558 1625 εἶναι
583 1584 720 1636 φήσει,
749 1585 877 1625 ἐκεῖνό
907 1584 942 1636 γ’
969 1585 1013 1624 οὐ
1043 1585 1176 1636 λόγος·
1215 1583 1328 1625 αὐτὸς
1358 1583 1469 1628 θέτω,
1500 1583 1560 1622 καὶ

231 1651 282 1701 μὴ
309 1651 459 1703 λεγέτω
485 1651 602 1696 τοῦθ’,
631 1652 682 1693 ὡς
707 1651 750 1691 οὐ
776 1650 952 1701 θήσομεν
980 1651 1101 1701 ἡμεῖς.
1175 1650 1339 1690 κάλλιον
1370 1652 1411 1689 δὲ
1437 1649 1560 1699 δήπου

231 1718 298 1758 τὸν
330 1718 397 1770 ὑφ’
423 1720 529 1768 ὑμῶν
563 1718 743 1770 κριθέντα
776 1721 905 1759 καλῶς
938 1718 1047 1770 ἔχειν
1080 1718 1200 1767 νόμον
1231 1715 1434 1769 εἰσφέρειν
1463 1714 1485 1765 ἦ
1515 1716 1559 1756 ὃν

231 1787 298 1825 νῦν
324 1785 394 1837 ἀφ’
421 1786 538 1824 αὑτοῦ
561 1787 733 1835 τίθησιν.

296 1851 410 1901 Ἐμοὶ
445 1851 490 1898 δ’,
526 1850 555 1891 ὦ
591 1851 728 1903 ἄνδρες
761 1851 978 1902 Ἀθηναῖοι,
1015 1853 1121 1890 δοκεῖ
1152 1850 1348 1899 Λεπτίνης
1379 1848 1461 1900 (καί
1492 1865 1559 1899 μοι

229 1920 350 1968 μηδὲν
377 1919 578 1974 ὀργισθῇς·
617 1918 728 1958 οὐδὲν
753 1920 827 1970 γὰρ
855 1921 1035 1970 φλαῦρον
1062 1919 1134 1968 ἐρῶ
1162 1915 1223 1965 σε)
1248 1913 1269 1966 ἦ
1297 1915 1364 1956 οὐκ
1385 1917 1557 1967 ἀνεγνω-

231 1984 338 2024 κέναι
371 1985 460 2026 τοὺς
490 1986 674 2026 Σόλωνος
708 1986 849 2034 νόμους
883 1981 905 2034 ἢ
939 1985 983 2024 οὐ
1017 1983 1205 2023 συνιέναι.
1277 1984 1310 2022 εἰ
1343 1983 1418 2034 γὰρ
1443 1983 1462 2021 ὁ
1487 1984 1557 2031 μὲν

230 2052 369 2092 Σόλων
407 2051 547 2102 ἔθηκεν
585 2052 704 2101 νόμον
745 2051 891 2101 ἐξεῖναι
927 2053 1060 2090 δοῦναι
1097 2052 1145 2089 τὰ
1182 2052 1320 2090 ἑαυτοῦ
1355 2047 1383 2103 ᾧ
1415 2048 1463 2088 ἄν
1499 2065 1557 2089 τις

229 2119 437 2168 βούληται,
466 2120 535 2158 ἐὰν
563 2118 615 2169 μὴ
643 2121 778 2159 παῖδες
811 2116 885 2157 ὦσι
917 2116 1089 2168 γνήσιοι,
1117 2116 1188 2168 οὐχ
1223 2115 1271 2156 ἵν’
1298 2113 1557 2170 ἀποστερήσῃ

1587 537 1603 569 5

1589 868 1626 889 10

1588 1200 1622 1230 15

1583 1532 1622 1554 20

1581 1865 1617 1893 25

228 2184 318 2226 τοὺς
344 2185 545 2237 ἐγγυτάτω
573 2184 680 2236 γένει
705 2186 773 2234 τῆς
802 2185 1050 2236 ἀγχιστείας,
1078 2183 1169 2223 ἀλλ’
1195 2182 1243 2223 ἵν’
1273 2184 1326 2224 εἰς
1355 2182 1399 2221 τὸ
1432 2181 1558 2231 μέσον
1578 2195 1618 2225 50

273 2304 291 2323 2
318 2295 424 2325 εἵνεκα
441 2294 464 2324 S
480 2294 503 2323 L
523 2294 609 2332 vulg
628 2305 633 2323 :
660 2293 754 2325 ἕνεκα
770 2292 799 2322 Α
949 2303 967 2329 4
992 2294 1049 2323 τοῦ
1067 2296 1145 2322 ante
1162 2291 1280 2322 τούτου
1298 2290 1555 2320 Ψρεῑεῖττηᾶηηε

231 2343 306 2375 post
338 2338 455 2368 τούτου
487 2338 584 2367 codd.
763 2346 797 2366 11
832 2337 875 2374 μὴ
909 2341 986 2375 post
1018 2337 1056 2366 ἂν
1087 2335 1164 2364 add.
1194 2334 1280 2365 FX:
1320 2344 1385 2365 om.
1412 2334 1435 2363 S
1451 2332 1487 2363 L¹
1515 2333 1555 2363 al.

234 2390 270 2419 15
294 2381 356 2417 τὴν
372 2386 451 2409 ante
468 2382 592 2418 βουλὴν
609 2381 686 2411 add.
705 2379 744 2411 Α,
767 2379 806 2409 cf.
826 2380 906 2409 xxiv
924 2389 983 2417 50:
1010 2389 1072 2409 om.
1095 2378 1118 2408 S
1134 2379 1159 2407 L
1177 2378 1264 2416 vulg.
1414 2386 1454 2416 25
1481 2380 1555 2415 post

229 2437 280 2462 μοι
297 2424 370 2453 add.
389 2425 464 2463 πρὸς
482 2425 556 2455 Διὸς
577 2424 600 2453 Ι.
618 2423 705 2462 vulg.
723 2435 729 2453 ε
755 2433 818 2453 om.
840 2423 863 2453 S
877 2422 904 2452 Y
