1737 2734
139 475 156 505 5

118 842 155 863 10

114 1510 151 1530 20

182 144 306 197 xxm]
499 145 629 186 KAT’
674 147 1188 186 ΑΡΙΣΊὈΚΡΑΤΟΎΣ

178 246 372 294 ἀκροατήν,
398 245 555 292 φάσκων
580 245 794 296 γεγράφθαι
822 245 864 282 τὸ
894 244 1076 293 ψήφισμα
1105 244 1164 282 ἐπὶ
1193 244 1418 295 Χερρονήσῳ
1445 245 1511 292 τῆς

177 300 319 339 πόλεως
339 300 518 350 σχήματι.
563 301 609 339 ὡς
629 299 692 337 οὖν
712 300 799 337 ὅντα
817 299 1050 348 ἀμφοτέρων,
1071 301 1136 336 τοῦ
1155 316 1193 336 τε
1211 298 1511 348 Κερσοβλέπτου

178 354 237 391 καὶ
256 357 321 392 τοῦ
341 354 457 403 δήμου
480 357 551 391 τῶν
574 352 789 402 Ἀθηναίων,
812 354 1045 402 βουλόμενος
1071 356 1202 391 τοῦτον
1228 355 1425 404 ἀποτυχεῖν
1446 354 1513 401 τῆς

177 408 310 457 δωρεᾶς
341 408 587 457 Δημοσθένης
620 409 687 456 τὴν
722 409 813 445 κατὰ
843 407 908 455 τὴν
944 408 1184 456 Χερρόνησον
1216 408 1395 445 ὑπόθεσιν
1429 407 1509 444 ε’πέ-

178 462 298 511 θηκεν,
316 465 365 503 εἷς
379 463 541 512 ὑποψίαν
556 464 653 514 ἄγων
669 463 752 502 τοὺς
768 463 979 505 ἀκούοντας,
998 462 1057 499 καὶ
1078 463 1235 510 φάσκων
1251 463 1292 507 ἐξ
1306 462 1511 510 ἐπιβουλῆς

176 516 468 566 Ἀριστοκράτην
482 518 708 569 γεγραφέναι
724 518 765 554 τὸ
784 517 977 566 ψήφισμα,
993 517 1049 553 ἵνα
1064 516 1219 565 μηδενὸς
1234 519 1306 554 τῶν
1317 516 1510 566 βασιλέων

176 574 408 621 ἀναιροῦντος
434 573 544 609 αὐτὸν
573 572 685 622 φόβῳ
712 573 777 619 τῆς
804 571 948 610 πόλεως
971 571 1196 620 περιποιήσῃ
1229 570 1509 620 Κερσοβλέπτῃ

175 627 289 663 πάλιν
309 626 560 675 Χερρόνησον.
618 628 782 663 τοσαῦτα
803 625 885 674 περὶ
904 627 969 673 τῆς
989 625 1211 665 ὑποθέσεως.

244 756 395 805 Μηδεὶς
426 757 544 806 ὑμῶν,
572 753 601 794 ὦ
636 754 773 806 ἄνδρες
799 753 1018 804 Ἀθηναῖοι,
1049 755 1193 810 νομίσῃ
1222 753 1311 804 μήτ’
1338 755 1437 796 ἰδίας
1467 754 1504 794 ἕ-

175 824 299 874 χθρας
311 824 378 872 ἐμὲ
390 825 579 873 μηδεμιᾶς
592 821 697 875 ἕνεχ’
711 821 819 871 ἥκειν
834 820 1168 873 Ἀριστοκράτους
1182 820 1508 872 κατηγορήσοντα

174 890 341 935 τουτουί,
362 888 459 939 μήτε
478 888 614 941 μικρὸν
634 887 786 940 ὁρῶντά
811 904 847 927 τι
868 887 929 928 καὶ
951 891 1108 940 φαῦλον
1129 886 1322 939 ἁμάρτημ’
1342 889 1507 939 ἑτοίμως

175 956 297 997 οὕτως
317 956 381 995 ἐπὶ
405 956 527 1009 τούτῳ
549 954 737 1007 προάγειν
757 955 924 1005 ἐμαυτὸν
952 956 1006 996 εἷς
1033 953 1263 1007 ἀπέχθειαν,
1286 954 1377 994 ἀλλ’
1397 956 1506 1007 εἴπερ

174 1022 235 1073 ἄρ’
260 1023 385 1075 ὀρθῶς
414 1023 491 1074 ἐγὼ
519 1022 729 1074 λογίζομαι
754 1022 818 1061 καὶ
848 1026 999 1066 σκοπῶ,
1023 1022 1120 1073 ὑπὲρ
1150 1025 1219 1061 τοῦ
1249 1022 1506 1073 Χερρόνησον

175 1089 284 1142 ἔχειν
302 1090 401 1140 ὑμᾶς
419 1089 618 1141 ἀσφαλῶς
638 1090 699 1128 καὶ
719 1088 771 1139 μὴ
792 1088 1165 1141 παρακρουσθέντας
1186 1089 1507 1139 ἀποστερηθῆναι

175 1155 297 1196 πάλιν
323 1156 452 1206 αὐτῆς,
476 1156 563 1207 περὶ
583 1155 720 1195 τούτου
738 1156 808 1206 μοί
825 1157 936 1196 ἐστιν
962 1154 1085 1195 ἆπασ’
1111 1156 1133 1206 ἡ
1156 1155 1322 1205 σπουδή.
1382 1158 1443 1196 δεῖ
1459 1155 1504 1206 δὴ

174 1222 325 1264 πάντας
360 1224 471 1274 ὑμᾶς,
507 1224 541 1263 εἰ
576 1222 770 1273 βούλεσθ’
806 1223 930 1274 ὀρθῶς
967 1224 1055 1274 περὶ
1089 1223 1239 1263 τούτων
1271 1225 1413 1273 μαθεῖν
1442 1223 1505 1262 καὶ

175 1291 272 1328 κατὰ
297 1290 387 1331 τοὺς
412 1290 554 1340 νόμους
579 1290 736 1331 δικαίως
762 1294 888 1342 κρῖναι
912 1289 984 1339 τὴν
1011 1288 1184 1342 γραφήν,
1205 1289 1399 1341 μὴμόνον
1423 1293 1505 1331 τοῖς

173 1356 459 1408 γεγραμμένοις
479 1358 522 1397 ἐν
541 1361 592 1412 τῷ
613 1359 848 1409 ψηφίσματι
866 1355 1039 1408 ῥήμασιν
1060 1356 1291 1410 προσέχειν,
1314 1357 1420 1396 ἀλλὰ
1441 1358 1503 1397 καὶ

172 1424 221 1462 τὰ
251 1423 528 1474 συμβησόμεν’
557 1422 603 1474 ἐξ
629 1423 757 1464 αὐτῶν
783 1428 962 1464 σκοπεῖν.
1036 1425 1070 1464 εἰ
1098 1426 1171 1474 μὲν
1202 1425 1276 1476 γὰρ
1306 1422 1354 1473 ἦν
1385 1423 1500 1463 ἀκού-

172 1507 295 1530 σασιν
321 1490 433 1532 εὐθὺς
459 1490 603 1531 εἰδέναι
628 1492 676 1530 τὰ
702 1489 1056 1542 κεκακουργημένα,
1083 1490 1154 1540 τὴν
1181 1490 1308 1543 ἀρχὴν
1333 1492 1430 1532 ἴσως
1454 1489 1503 1530 ἂν

171 1556 240 1596 οὐκ
266 1556 531 1608 ἐξηπάτησθε·
569 1557 702 1607 ἐπειδὴ
722 1559 763 1597 δὲ
783 1557 886 1597 τοῦθ’
908 1558 950 1597 ἕν
970 1558 1058 1597 ἐστι
1076 1562 1155 1598 τῶν
1177 1556 1438 1608 ἀδικημάτων,
1457 1556 1502 1597 τὸ

1492 1623 1501 1637 t

170 1627 309 1664 τοῦτον
326 1623 395 1664 τὸν
415 1624 561 1676 τρόπον
583 1625 645 1664 καὶ
664 1623 798 1676 λέγειν
818 1624 880 1664 καὶ
899 1623 1071 1676 γράφειν
1091 1626 1216 1665 ἐνίους
1237 1623 1283 1664 ὃν
1301 1624 1350 1664 ἂν
1369 1624 1488 1673 ἤκισθ

169 1691 277 1740 ὑμεῖς
298 1690 504 1731 ὑπίδοισθέ
522 1707 559 1731 τι
580 1691 642 1730 καὶ
661 1690 925 1743 φυλάξαισθε,
945 1690 1138 1742 προσήκει
1157 1691 1210 1742 μὴ
1231 1690 1332 1731 πάνυ
1351 1689 1498 1741 θαυμά-

214 1809 231 1838 7
264 1800 498 1841 Κερσοβλέπτῃ
523 1799 551 1829 Τ
574 1809 660 1830 corr.
682 1809 730 1837 pr.
754 1810 808 1838 m.‚
831 1799 918 1830 coni.
940 1798 1097 1829 Bekker:
1132 1799 1386 1839 Κερσοβλέπτης
1409 1800 1495 1838 vulg.

166 1853 253 1882 9-15
277 1844 387 1881 μηδεὶς
404 1845 489 1881 ὑμῶν
507 1867 512 1872 .
534 1866 540 1873 .
560 1866 567 1872 .
588 1842 697 1874 ἅπασα
713 1843 732 1880 ἦ
750 1843 891 1883 σπουδή]
911 1842 1020 1872 locum
1046 1844 1135 1873 hunc
1157 1843 1237 1873 citat
1257 1843 1388 1882 Dionys
1416 1843 1494 1873 Hal.

168 1887 205 1915 de
229 1885 343 1926 Comp.
373 1885 461 1917 Verb.
490 1896 517 1917 c.
543 1897 612 1915 xxv
636 1891 671 1916 et
695 1886 736 1916 de
764 1887 911 1916 numeris
937 1891 1055 1925 postea
1081 1887 1213 1916 disserit
1379 1896 1417 1916 10
1442 1887 1496 1925 ἐμὲ

166 1939 233 1960 οῐη.
251 1928 303 1967 Α;
326 1940 392 1959 om.
411 1929 510 1959 etiam
533 1929 688 1968 Dionys..
706 1930 762 1969 qui
783 1943 823 1969 με
846 1935 921 1968 post
945 1930 1060 1971 νομίσῃ
1085 1930 1181 1969 ponit
1205 1929 1282 1967 (nisi
1305 1930 1395 1969 quod
1421 1931 1493 1960 cod.

169 1972 271 2003 Paris.
292 1983 358 2003 om.
376 1976 430 2012 με)
547 1973 634 2013 ἕνεχ’
654 1973 700 2003 S:
725 1973 818 2004 ἕνεκα
836 1973 978 2012 Dionys.
1144 1983 1179 2003 11
1208 1972 1358 2013 ἑτοίμως]
1379 1974 1498 2011 ἰταμῶς

168 2016 264 2046 Blass
282 2021 424 2055 propter
442 2026 602 2046 numeros
620 2017 694 2048 coll.
716 2017 881 2055 Dionysio
1043 2027 1080 2047 12
1106 2016 1275 2058 προάγειν]
1296 2030 1314 2047 α
1332 2016 1363 2046 in
1381 2026 1496 2047 rasura

167 2060 191 2089 S
208 2070 215 2090 z
239 2059 416 2100 προσάγειν
435 2060 539 2091 Paris.
560 2062 645 2099 2998
663 2066 696 2091 et
714 2061 800 2090 forte
820 2060 843 2090 S
864 2065 943 2089 ante
962 2071 1111 2090 rasuram
1236 2069 1273 2097 13
1300 2061 1358 2100 ἄρα
1375 2060 1471 2090 codd.
1489 2071 1496 2090 ε

165 2102 226 2143 ἆρα
244 2103 396 2142 Dionys„
420 2103 517 2133 Blass
622 2103 698 2145 ὑπὲρ
715 2104 812 2134 codd.
833 2109 864 2133 et
885 2103 1050 2141 Hermog.
1072 2104 1137 2135 Rh.
1158 2104 1215 2133 Gr.
1236 2104 1268 2132 iii
1288 2113 1318 2142 p.
1340 2113 1401 2141 79:
1425 2104 1495 2143 περὶ

167 2146 311 2185 Dionys.
330 2151 365 2177 et
391 2147 502 2177 Rufus
529 2147 594 2178 Rh.
615 2147 672 2178 Gr.
692 2147 725 2177 iii
742 2157 807 2186 450
939 2150 996 2178 τοῦ
1020 2147 1128 2184 codd⁴7
1151 2147 1328 2185 Hermog..
1350 2146 1493 2185 Dionys.

165 2190 254 2228 vulg.
272 2202 279 2220 :
303 2193 361 2221 τοῦ
376 2191 438 2229 τὴν
458 2190 600 2230 Dionys.
618 2191 691 2221 cod.
712 2190 815 2221 Paris.
907 2190 1130 2232 Χερρόννησον
1150 2191 1290 2229 Dionys.
1308 2195 1343 2220 ut
1361 2190 1496 2220 videtur

168 2233 289 2263 (Weis)
308 2239 342 2264 et
361 2233 471 2264 Rufus
644 2244 678 2272 14
707 2235 860 2275 ἀσφαλῶς
878 2238 952 2273 post
972 2236 1050 2273 ὑμᾶς
1069 2234 1165 2264 codd.
1185 2239 1218 2264 et
1239 2234 1404 2272 Hermog.
1425 2232 1492 2264 Rh.

165 2276 224 2307 Gr.
244 2277 278 2307 iii
297 2287 354 2316 79:
379 2282 459 2307 ante
477 2279 556 2316 ὑμᾶς
574 2277 717 2315 Dionys.
736 2289 742 2308 :
767 2277 831 2307 del.
852 2277 949 2307 Blass
1107 2286 1143 2315 15
1167 2278 1237 2317 περὶ
1254 2277 1371 2308 τούτου
1387 2277 1495 2308 τοίνυν

166 2320 236 2358 (νῦν
258 2321 331 2351 cod.
353 2320 474 2355 Paris.)
494 2321 566 2352 ἐστί
586 2334 639 2359 μοι
662 2320 771 2352 ἅπασα
788 2320 823 2360 (ἦ
846 2321 922 2351 add.
943 2321 1016 2351 cod.
1038 2319 1159 2359 Paris.)
1179 2320 1302 2357 σπουδή
1324 2320 1468 2359 Dionys.
1486 2331 1493 2349 z

163 2364 233 2404 περὶ
250 2363 368 2394 τούτου
384 2367 439 2395 νῦν
457 2364 528 2404 [μοι’
546 2363 652 2403 ἐστιν]
672 2363 768 2395 &wad
786 2364 805 2401 ἡ
823 2364 946 2402 σπουδή
966 2363 1064 2393 Blass
1187 2364 1226 2392 18
1249 2365 1307 2395 τὸν
1324 2366 1398 2396 νοῦν
1416 2368 1493 2403 post

163 2408 340 2447 προσέχειν
358 2408 433 2438 add.
454 2407 543 2446 vulg.
561 2418 568 2437 ε
591 2418 656 2437 orn.
677 2407 701 2437 S
718 2407 811 2437 solus
944 2415 984 2444 23
1011 2406 1164 2438 ὑπίδοισθ’
1183 2407 1232 2438 ἔτι
1249 2407 1339 2446 vulg.

1541 144 1652 199 [621]

1533 1422 1650 1477 [622]

1538 1568 1551 1577 .,

1533 1580 1552 1600 3
