1737 2734
134 538 150 568 5

115 869 153 891 10

112 1537 151 1558 20

172 143 271 197 xxv]
431 145 560 186 KAT'
607 148 1158 186 ΑΡΙΣΤΟΓΕΙΤΟΝΟΣ
1206 149 1240 187 Α

171 250 331 303 γράψας
367 251 491 297 ἑάλω;
540 252 629 292 τίνα
664 251 710 297 δ’,
742 251 789 301 ἐξ
823 252 867 291 οὗ
905 255 974 292 νῦν
1008 252 1132 293 πάλιν
1167 252 1290 305 λέγει,
1324 252 1500 304 κέκρικεν

170 316 335 369 ῥήτορα,·
372 318 452 357 οὐδ’
478 318 560 358 ἕνα·
598 317 690 358 ἀλλ’
717 318 872 360 ἰδιώτας
901 320 1089 360 πολλούς.
1164 320 1270 359 ἀλλὰ
1299 319 1376 370 μὴν
1408 320 1498 361 τοὺς

171 383 404 436 γευομένους
447 385 564 426 κύνας
598 388 678 425 τῶν
714 385 929 436 προβάτων
965 386 1225 426 κατακόπτειν
1262 386 1365 437 φασὶ
1401 388 1496 431 δεῖν,

171 450 266 490 ὥστ’
287 451 354 491 οὐκ
377 450 427 491 ἂν
447 451 592 503 φθάνοι
613 453 964 502 κατακοπτόμενος.
1025 452 1150 499 οὐδέν,
1172 451 1202 492 ὦ
1221 452 1359 505 ἄνδρες
1378 452 1494 503 Ἀθη-

170 521 288 564 ναῖοι,
313 516 512 571 χρήσιμός
536 520 647 558 ἐστιν
673 519 726 558 ὧν
746 520 888 570 φησίν,
915 518 1008 558 ἀλλ’
1033 519 1146 561 οὗτος
1170 518 1317 572 πρᾶγμ’
1336 520 1498 571 ἑόρακεν

169 584 311 635 μιαρὸν
336 584 397 624 καὶ
427 584 594 626 ἀναιδές.
665 586 968 635 λοιδορούμενος
994 587 1068 637 γὰρ
1095 587 1137 626 ἐν
1160 590 1245 627 ταῖς
1271 587 1498 636 ἐκκλησίαις

171 651 233 690 καὶ
260 655 463 702 προπετῶς
492 650 621 692 ἅπασι
645 652 916 703 προσκρούων,
943 653 997 692 ὧν
1021 651 1069 692 ἂν
1094 654 1137 693 ἐκ
1160 653 1310 693 τούτων
1335 653 1498 705 ἁθρόους

170 716 318 759 πάντας
345 718 444 768 ὑμᾶς
478 719 560 757 ἐκεῖ
587 719 919 771 παρακρούσηται,
947 719 1096 759 τούτων
1127 721 1304 770 καταβὰς
1335 719 1418 760 καθ’
1444 720 1498 760 ἕν’

169 784 277 833 ὑμῶν
312 783 401 835 παρ’
440 783 609 825 ἑκάστου
649 785 761 835 δίκην
795 784 1010 836 λαμβάνει,
1050 790 1326 838 συκοφαντῶν,
1364 787 1496 836 αἰτῶν,

171 850 419 902 εἰσπράττων
445 851 643 903 ἀργύριον,
665 851 754 905 οὐχὶ
778 853 832 902 μα
854 853 933 892 Δία
957 852 1047 894 τοὺς
1069 852 1263 905 λέγοντας
1281 852 1402 903 (οὗτοι
1425 856 1497 904 μὲν

170 919 245 969 γὰρ
276 917 512 958 ἐπίστανται
540 919 664 972 τούτῳ
697 917 1053 969 διαβαπτίζεσθαι),
1085 920 1193 960 ἀλλὰ
1223 920 1312 962 τοὺς
1343 920 1497 962 ἰδιώτας

172 984 235 1024 καὶ
259 984 350 1026 τοὺς
375 984 570 1036 ἀπείρους·
609 986 726 1025 ἴσασι
750 985 782 1025 δ’
801 987 837 1026 οῖ
862 985 1150 1038 πεπληγμένοι.
1211 987 1319 1027 ἀλλὰ
1345 986 1391 1037 νὴ
1420 989 1498 1027 Δία

170 1053 291 1091 ταῦτα
318 1053 392 1102 μὲν
415 1052 537 1093 οὕτως
562 1051 670 1105 ἔχειν
696 1051 980 1104 ὁμολογήσετε,
1009 1052 1206 1106 χρήσιμον
1232 1052 1265 1093 δ’
1289 1052 1498 1106 ἄνθρωπον

170 1118 218 1173 τῇ
243 1118 358 1158 πόλει
388 1118 544 1171 κρίνειν,
567 1119 671 1159 ὥστε
701 1118 830 1159 πάντα
857 1123 979 1159 ταῦτα
1007 1121 1244 1171 παριδόντας
1273 1122 1354 1160 δεῖν
1380 1120 1499 1160 αὐτὸν

171 1182 322 1239 σῴζειν.
382 1184 473 1225 ἀλλ’
493 1186 546 1225 ὧν
567 1185 667 1240 ἔργῳ
688 1190 827 1238 πεῖραν
852 1185 1048 1238 εἰλήφατ’,
1069 1184 1098 1226 ὦ
1124 1186 1260 1238 ἄνδρες
1279 1186 1496 1237 Ἀθηναῖοι,

169 1251 356 1301 μηδέποτ’
400 1253 441 1291 ἐκ
488 1252 612 1304 λόγου
652 1256 774 1292 ταῦτα
820 1255 1052 1293 σκοπεῖσθε.
1123 1253 1235 1294 οὗτος
1276 1255 1366 1305 ὑμῖν
1408 1253 1498 1306 οὐχὶ

171 1320 376 1369 προσῆλθε
400 1318 507 1359 πέντ’
534 1320 644 1365 ἐτῶν,
671 1320 725 1359 ὧν
751 1318 910 1370 ἐτιμήθη
935 1319 987 1369 μὴ
1013 1318 1149 1372 λέγειν
1173 1320 1288 1375 αὐτῷ.
1348 1322 1405 1361 τίς
1431 1320 1498 1360 οὖν

172 1386 214 1424 ἐν
242 1385 365 1440 τούτῳ
398 1389 451 1440 τῷ
483 1386 614 1439 χρόνῳ
644 1390 782 1426 τοῦτον
816 1387 1034 1436 ἐπόθησεν,·
1073 1387 1112 1426 τί
1139 1391 1217 1427 τῶν
1246 1389 1315 1437 τῆς
1344 1388 1498 1428 πόλεως

170 1452 385 1503 ἐλλειφθὲν
414 1454 476 1492 δια
500 1452 571 1502 τὴν
597 1453 793 1493 ἀπουσίαν
819 1453 896 1493 εἶδε
921 1452 992 1502 τὴν
1017 1454 1173 1500 τούτου,·
1211 1454 1250 1493 τί
1277 1453 1330 1499 δέ,
1358 1453 1429 1506 ἀφ’
1453 1453 1498 1494 οὗ

170 1522 238 1558 νῦν
262 1517 386 1571 λέγει,
414 1518 579 1569 βέλτιον
603 1520 787 1571 γεγονός,·
825 1520 911 1567 ἐμοὶ
935 1521 1008 1570 μὲν
1033 1521 1108 1572 γὰρ
1127 1523 1234 1561 δοκεῖ
1255 1520 1495 1566 τούναντίον,

169 1584 215 1624 ὃν
238 1587 311 1636 μὲν
336 1586 379 1625 οὐ
405 1587 572 1642 προσῄει
597 1586 743 1638 χρόνον
768 1587 870 1637 ὑμῖν,
892 1586 1200 1626 ἀναπαύσασθαι
1224 1591 1301 1627 τῶν
1326 1591 1454 1627 κακῶν
1475 1588 1495 1638 ἡ

170 1651 287 1693 πόλις
307 1653 361 1692 ῶν
382 1652 533 1692 ἅπασιν
554 1653 667 1694 οὗτος
687 1657 889 1706 παρεῖχεν,
913 1652 983 1705 ἀφ’
1005 1653 1048 1692 οὗ
1067 1655 1110 1693 δὲ
1129 1652 1250 1694 πάλιν
1269 1657 1494 1706 δημηγορεῖ,

169 1721 482 1771 πολιορκεῖσθαι,
500 1719 646 1771 λόγους
667 1720 903 1760 στασιώδεις
924 1720 986 1759 καὶ
1003 1720 1244 1773 ταραχώδεις
1264 1722 1306 1760 ἐν
1323 1720 1496 1761 ἁπάσαις

169 1785 229 1825 ἀεὶ
254 1789 338 1827 ταῖς
365 1787 593 1836 ἐκκλησίαις
617 1785 807 1838 λέγοντος
831 1787 981 1827 τούτου.

237 1852 435 1903 Βούλομαι
473 1852 604 1892 τοίνυν
641 1853 704 1893 καὶ
740 1855 1132 1905 παρακινδυνευτικοῦ
1168 1870 1273 1894 τινος
1311 1855 1496 1906 ἅψασθαι

167 1918 292 1970 λόγου
322 1918 384 1958 καὶ
414 1921 672 1972 διαλεχθῆναι
699 1924 782 1961 τοῖς
811 1921 875 1959 διὰ
898 1923 1019 1960 ταῦτα
1044 1923 1235 1971 φιλοῦσιν
1264 1920 1394 1960 αὐτόν·
1431 1920 1496 1961 οἷς

168 1984 326 2027 ὁποίους
361 1985 434 2036 μέν
463 2002 571 2027 τινας
606 1985 682 2039 χρὴ
717 1987 901 2037 νομίζειν,
937 1986 1048 2026 αὐτοὶ
1084 1989 1315 2033 σκοπεῖσθε,
1351 1987 1427 2038 ἐγὼ
1464 1986 1496 2026 δ’

215 2104 227 2124 1
260 2094 386 2136 γράψας
411 2095 496 2127 ἑάλω
521 2095 545 2125 S
570 2095 634 2126 al.:
666 2094 798 2137 γράφων
830 2095 974 2128 ἑάλωκεν
999 2095 1065 2126 FO
1090 2096 1145 2135 qui
1179 2096 1282 2126 verba
1314 2097 1384 2137 περὶ
1408 2120 1415 2126 .
1447 2120 1455 2127 .
1485 2121 1493 2128 .

168 2137 311 2170 ἑάλωκεν
336 2144 413 2177 post
436 2139 579 2171 πολλοὺς
603 2139 700 2178 ponit
834 2149 853 2169 2
885 2139 950 2171 οὐδ’
978 2139 1034 2171 ἕνα
1056 2139 1177 2178 sex-Ipsi
1204 2149 1277 2169 cum
1304 2139 1351 2170 S:
1383 2140 1497 2172 οὐδένα

165 2181 256 2220 vulg.
428 2193 447 2220 4
472 2181 563 2213 οὐδὲν
579 2183 642 2223 γὰρ
660 2181 686 2212 F
854 2192 874 2220 5
899 2183 1066 2223 ἑώρακεζν)
1087 2184 1183 2213 codd.
1203 2194 1209 2213 :
1242 2184 1353 2224 εὕρηκε
1371 2183 1496 2222 Taylor

165 2235 186 2263 9
210 2225 281 2265 παρ’
300 2225 438 2257 ἑκάστου
456 2235 519 2255 om.
539 2225 569 2255 A
709 2235 797 2264 9—10
820 2225 922 2256 verba
939 2226 1037 2258 αἰτῶν
1054 2249 1060 2256 .
1081 2249 1088 2256 .
1109 2249 1116 2256 .
1137 2225 1286 2268 ἀργύριον
1302 2227 1382 2257 secl.
1402 2226 1494 2257 Weil

166 2273 200 2298 ut
218 2279 260 2298 ex
281 2272 295 2299 5
314 2278 357 2306 50
373 2269 550 2308 desumpta
675 2279 697 2308 9
721 2269 922 2310 εἰσπράττων
940 2271 1037 2301 αἰτῶν
1054 2268 1085 2298 Α
1097 2269 1127 2299 Y
1140 2269 1170 2299 O
1305 2279 1340 2299 11
1369 2273 1494 2302 συνδια-

166 2310 378 2350 βαπτίζεσθαι
391 2312 422 2342 Α
436 2316 469 2342 et
483 2322 524 2342 m.
539 2316 605 2342 ant.
623 2311 647 2341 S
741 2321 778 2351 17
805 2313 939 2352 ἐτιμήθη
953 2335 960 2342 .
977 2335 984 2342 .
1001 2335 1008 2342 .
1026 2314 1110 2353 αὐτῷ
1128 2312 1245 2345 codd.:
1272 2313 1443 2352 ἐτίμησεν.
1460 2337 1467 2343 .
1482 2336 1490 2343 .

166 2356 251 2428 ἓὺζῖᾥ
274 2354 367 2427 ᾞείἰ
529 2364 567 2385 21
602 2357 674 2395 ὑμῖν
699 2364 763 2386 om.
792 2354 818 2385 F
974 2364 1013 2394 27
1047 2355 1125 2388 εἶναι
1150 2360 1226 2395 post
1251 2355 1390 2396 νομίζειν
1413 2357 1490 2387 add.

250 2407 289 2427 so
305 2407 314 2426 ι

1532 148 1642 202 [782]

1527 468 1569 501 41

1528 998 1572 1031 42

1530 1183 1642 1238 [783]

1526 1867 1571 1900 43
