1737 2734
93 130 207 185 [458]

87 566 203 620 [459]

185 1235 203 1268 02

663 130 1148 169 ΔΗΜΟΣΘΕΝΟὙΣ
1492 126 1562 180 [xx

238 236 294 281 τί;
333 236 393 274 ὅτι
423 236 465 274 ἐκ
494 237 565 285 μὲν
595 239 663 274 τοῦ
693 235 878 275 πλείονας
903 230 925 282 ἦ
952 232 1143 284 προσήκει
1172 237 1288 284 τιμᾶν
1316 234 1492 276 πολλοὺς
1521 234 1564 274 εὖ

239 304 365 341 ποιεῖν
400 301 656 353 προκαλεῖσθ’
686 301 796 350 ὑμᾶς,
829 302 870 339 ἐκ
902 302 942 339 δὲ
973 303 1041 339 τοῦ
1072 301 1209 350 μηδενὶ
1242 300 1376 350 μηδέν,
1403 300 1491 351 μηδ’
1515 300 1563 340 ἂν

237 367 345 417 ἄξιος
369 366 405 422 ᾗ,
428 368 588 412 διδόναι,
612 367 760 407 πάντας
785 365 988 417 ἀπείρξετε
1008 369 1076 405 τοῦ
1096 370 1406 417 φιλοτιμεῖσθαι.
1466 367 1562 418 πρὸς

238 436 278 473 δὲ
303 434 425 487 τούτῳ
454 434 514 472 καὶ
540 433 588 473 δι’
616 435 755 478 ἐκεῖνο,
783 434 842 472 ὅτι
868 434 904 472 οἱ
928 434 1000 482 μὲν
1025 431 1185 482 ἀνάξιόν
1210 449 1297 472 τινα
1326 432 1562 483 τιμήσαντες

237 500 415 549 εὐηθείας
447 501 534 539 τινὰ
565 498 684 549 δόξαν
715 499 846 552 ἔχοιεν
875 498 934 543 ἄν,
964 500 1000 538 οἱ
1034 500 1075 538 δὲ
1104 498 1194 540 τοὺς
1227 500 1376 550 ἀγαθόν
1405 515 1442 538 τι
1475 516 1560 538 ποι-
1584 518 1601 548 5

236 569 375 607 οῦντας
406 566 565 606 ἑαυτοὺς
594 565 645 615 μη
676 569 756 606 τοῖς
787 566 935 615 ὁμοίοις
964 565 1233 614 ἀμειβόμενοι,
1261 566 1408 606 κακίας.
1480 567 1562 619 ὅσῳ

237 631 283 680 δὴ
318 636 491 683 κρεῖττον
526 631 643 681 εὐήθη
678 635 805 671 δοκεῖν
835 628 859 681 ἢ
888 634 1060 682 πονηρὸν
1091 631 1203 677 εἶναι,
1235 632 1412 685 τοσούτῳ
1442 635 1564 672 λῦσαι

236 698 304 737 τὸν
330 700 451 748 νόμον
478 698 642 738 κάλλιον
669 695 690 747 ἢ
718 697 870 738 θέσθαι.

661 764 670 777 5
722 764 770 778 ἀ’
798 766 807 777 5

302 765 363 804 Οὐ
388 766 520 804 τοίνυν
545 765 658 816 ἕμοιγ
691 778 757 804 0υο
792 764 906 804 exea-⁹
933 765 1111 816 εὔλογον,
1135 762 1164 803 ὦ
1184 764 1320 815 ἄνδρες
1345 763 1560 815 Ἀθηναῖοι,

236 831 492 885 σκοπουμένῳ
514 833 709 882 φαίνεται,
732 831 1090 882 καταμεμφόμενόν
1115 847 1223 872 τινας
1250 831 1314 870 ἐπὶ
1331 834 1415 872 ταῖς
1439 832 1561 882 ὑπαρ-
1587 852 1625 874 10

235 898 402 949 χούσαις
428 900 606 949 δωρειαῖς
635 897 724 938 τοὺς
758 898 975 950 χρησίμους
1000 899 1117 938 ὄντας
1141 901 1219 936 τῶν
1245 900 1366 947 τιμῶν
1392 898 1561 937 ἀποστε-

235 968 329 1015 ρεῖν.
391 965 424 1004 εἰ
454 966 529 1016 γὰρ
554 965 820 1016 ὑπαρχουσῶν
849 964 998 1003 τούτων
1024 967 1171 1014 φαῦλοι
1197 963 1257 1002 καὶ
1283 962 1440 1013 ἀνάξιοί
1461 981 1564 1005 τινες

238 1032 334 1070 κατὰ
367 1030 434 1070 τὸν
468 1030 617 1070 τούτων
649 1031 774 1082 λόγον
806 1031 921 1075 εἰσίν,
957 1030 998 1069 τί
1027 1029 1105 1082 χρὴ
1138 1032 1365 1081 προσδοκᾶν
1398 1030 1564 1070 ἔσεσθαι

236 1098 336 1143 τότε,
372 1098 465 1137 ὅταν
500 1100 703 1138 παντελῶς
738 1099 836 1146 μηδὲ
868 1095 992 1137 πλέον
1028 1095 1159 1152 μέλλῃ
1193 1098 1314 1147 μηδὲν
1349 1095 1450 1136 εἶναι
1481 1101 1564 1138 τοῖς

235 1167 427 1217 χρηστοῖς
452 1165 584 1209 offo-Lm

298 1230 388 1270 ’Έτι
413 1232 544 1270 τοίνυν
570 1231 666 1280 ὑμᾶς
693 1229 835 1270 κάκεῖν’
862 1231 1116 1280 ἐνθυμεῖσθαι
1141 1233 1212 1273 δεῖ,
1240 1231 1299 1269 ὅτι
1327 1230 1367 1269 ἐκ
1391 1233 1469 1269 τῶν
1495 1233 1563 1270 νῦν

234 1297 494 1350 ὑπαρχόντων
511 1298 640 1346 νόμων
662 1297 724 1336 καὶ
745 1296 869 1336 πάλαι
890 1297 1044 1348 κυρίων,
1066 1296 1131 1337 οὓς
1151 1296 1230 1335 οὐδ’
1250 1295 1297 1336 ἂν
1316 1296 1432 1337 αὐτὸς
1453 1296 1564 1338 οὗτος

234 1365 413 1403 ἀντείποι
442 1364 493 1413 μὴ
525 1364 612 1416 οὐχὶ
648 1367 775 1404 καλῶς
809 1363 929 1415 ἔχειν,
957 1364 1135 1402 ἐνιαυτὸν
1167 1363 1360 1402 διαλιπὼν
1395 1363 1563 1404 ἕκαστος

233 1434 457 1485 λῃτουργεῖ,
485 1431 587 1470 ὥστε
614 1430 682 1469 τὸν
709 1430 854 1479 ἥμισύν
880 1428 963 1468 ἐστ’
989 1429 1133 1478 ἀτελὴς
1163 1433 1231 1468 τοῦ
1263 1430 1419 1482 χρόνου.
1493 1429 1563 1469 εἶθ’

233 1496 278 1546 ἧς
304 1499 403 1536 πᾶσι
436 1496 597 1547 μέτεστι
622 1497 666 1535 τὸ
692 1497 813 1546 ἥμισυ
840 1496 902 1535 καὶ
927 1499 1009 1537 τοῖς
1041 1495 1128 1547 μηδ’
1154 1496 1284 1536 ὁτιοῦν
1314 1497 1463 1547 ἀγαθὸν
1494 1513 1560 1536 πε-

233 1564 444 1613 ποιηκόσιν
478 1564 588 1614 ὑμᾶς,
616 1563 757 1613 ταύτης
790 1562 880 1604 τοὺς
914 1563 955 1602 εὖ
987 1561 1245 1612 ποιήσαντας,
1275 1562 1294 1602 ὃ
1329 1565 1561 1614 προστεθεί-

234 1647 355 1679 καμεν
381 1629 525 1674 αὐτοῖς,
552 1629 653 1669 τοῦτ’
679 1630 940 1681 ἀφελώμεθα;
978 1632 1177 1679 μηδαμῶς·
1217 1629 1305 1669 οὔτε
1330 1631 1406 1681 γὰρ
1429 1628 1564 1670 ἄλλως

234 1700 356 1736 καλὸν
382 1696 464 1736 οὔθ’
490 1698 579 1747 ὑμῖν
610 1697 772 1748 πρέπον.
845 1700 927 1737 πῶς
956 1698 1031 1748 γὰρ
1062 1696 1130 1735 οὐκ
1161 1697 1344 1748 αἰσχρόν,
1371 1693 1400 1735 ὦ
1427 1695 1563 1747 ἄνδρες

233 1763 448 1813 Ἀθηναῖοι,
478 1765 574 1802 κατὰ
598 1765 670 1814 μὲν
695 1763 766 1812 τὴν
793 1763 942 1814 ἀγορὰν
967 1763 1157 1814 ἀψευδεῖν
1176 1763 1299 1812 νόμον
1323 1761 1560 1814 γεγράφθαι,

1588 1183 1625 1215 15

1586 1517 1624 1538 20

241 1831 250 1841 Ἷ
291 1829 300 1843 ⁴)
350 1831 366 1844 Φ
449 1829 480 1841 'fx
499 1829 506 1842 V
568 1832 577 1843 5
680 1832 694 1842 (κ
816 1831 825 1842 l
952 1828 959 1843 Ι
1091 1831 1106 1842 ν
1287 1829 1315 1841 lrx
1454 1831 1462 1840 ἱ
1524 1831 1557 1842 ‘Nx

234 1835 287 1881 εφ
327 1847 384 1871 οις
417 1844 530 1870 ουοεν
561 1847 646 1870 εστι
677 1843 848 1883 οημοσιᾳ
877 1833 1039 1880 βλαβος
1070 1847 1103 1869 ει
1133 1845 1191 1870 τις
1215 1833 1417 1880 ψευοεται,
1447 1846 1488 1868 εν
1521 1840 1561 1869 οε
1584 1848 1621 1879 25

232 1900 284 1950 τῷ
313 1900 427 1950 κοινῷ
453 1896 505 1946 μὴ
531 1899 705 1949 χρῆσθαι
731 1901 783 1950 τῷ
810 1897 916 1950 νόμῳ
943 1896 1066 1950 τούτῳ
1092 1895 1162 1945 τὴν
1193 1896 1312 1936 πόλιν
1342 1895 1414 1945 τὴν
1443 1895 1561 1944 αὐτὴν

232 1963 475 2014 ἐπιτάξασαν
500 1968 583 2005 τοῖς
610 1964 791 2010 ἰδιώταις,
815 1964 920 2003 ἀλλὰ
946 1963 1036 2004 τοὺς
1062 1963 1211 2014 ἀγαθόν
1236 1979 1274 2002 τι
1298 1963 1561 2012 πεποιηκότας

279 2082 289 2101 1
318 2073 470 2112 προσήκει
498 2072 521 2102 S
537 2072 560 2102 L
573 2071 613 2101 A¹
631 2072 665 2101 F¹
679 2071 709 2101 Y
722 2071 751 2102 O
769 2083 774 2101 ;
807 2074 949 2111 προσῆκε
975 2071 1080 2101 Paris.
1102 2082 1183 2110 2994
1208 2071 1312 2101 Paris.
1333 2071 1467 2100 Coislin.
1485 2080 1559 2110 339.

232 2115 270 2145 cf.
293 2119 328 2152 §}
349 2126 401 2154 54,
420 2127 475 2154 90,
498 2126 567 2153 104.
586 2115 656 2145 xxii
675 2117 696 2144 6
839 2125 857 2144 2
881 2115 982 2154 μηδέν
999 2125 1063 2145 om.
1084 2115 1106 2145 S
1122 2115 1146 2144 Ι.
1160 2115 1225 2144 FY
1240 2115 1293 2144 O:
1322 2115 1395 2145 add.
1416 2114 1445 2144 A
1462 2114 1497 2149 P,
1517 2114 1558 2144 cf.

235 2162 270 2195 Q
294 2169 364 2196 103,
389 2169 457 2197 105,
480 2161 511 2188 ix
529 2162 569 2197 67
744 2168 782 2188 10
806 2171 895 2190 τινας
913 2159 1000 2196 vulg.
1023 2158 1047 2188 S
1069 2170 1145 2199 -γρ,;
1177 2159 1250 2189 τοὺς
1269 2157 1430 2188 SL¹YO
1453 2157 1558 2187 Bekk.

232 2202 360 2231 Anecd.
380 2213 410 2241 p.
436 2213 490 2241 151
513 2214 518 2232 :
544 2203 674 2242 ὀλίγους
691 2203 779 2234 τινὰς
798 2202 924 2232 Cobet:
952 2202 1025 2232 sort.
1048 2203 1146 2233 ἐνίους
1164 2202 1251 2233 τινὰς
1375 2211 1412 2239 13
1436 2201 1560 2232 τούτων

234 2247 256 2275 5
274 2245 339 2275 LA
357 2246 384 2275 Y
401 2246 451 2275 O:
492 2246 608 2277 τούτου
643 2245 667 2274 F
848 2255 884 2283 14
924 2245 1004 2284 μηδὲ
1037 2255 1100 2275 om.
1135 2245 1225 2283 vulg.
1243 2255 1248 2273 :
1288 2244 1362 2274 add.
1399 2244 1422 2274 S
1438 2244 1464 2274 L
1495 2244 1557 2274 soli

236 2289 338 2326 17-18
363 2288 427 2320 οὐδ’
444 2291 481 2320 ἂν
500 2312 505 2318 .
521 2312 527 2319 .
547 2314 552 2318 .
571 2289 715 2320 ἀντείποι
733 2289 782 2318 A:
809 2289 915 2320 οὐδ’..
932 2311 939 2319 .
957 2289 1099 2320 ἀντείποι
1119 2289 1156 2319 ἃν
1173 2288 1196 2318 S
1211 2288 1235 2317 L
1254 2287 1342 2326 vulg.
1438 2297 1477 2325 19
1501 2289 1559 2318 τὸν

232 2332 349 2369 ἥμισύν
372 2332 433 2362 SL
450 2333 537 2370 vulg.
560 2344 566 2362 :
590 2334 628 2363 τὸ
645 2332 743 2370 ἥμισύ
758 2331 788 2360 Α
958 2341 1064 2361 21-‘22
1088 2333 1104 2362 ὃ
1125 2354 1131 2361 .
1149 2355 1155 2361 .
1179 2354 1185 2361 .
1203 2332 1292 2362 τοῦτ’
1318 2329 1430 2369 vulg.:
1457 2330 1475 2361 a
1492 2353 1498 2359 .
1520 2353 1527 2359 .
1548 2354 1554 2359 .

232 2375 320 2406 ταῦτ’
340 2375 362 2406 S
378 2375 402 2405 L
422 2377 495 2415 *Ksed
514 2377 530 2407 ὃ
549 2376 597 2413 5¹,
619 2386 702 2405 cors.
725 2375 815 2415 ead.)
962 2385 1002 2413 25
1027 2375 1177 2415 ψεύδεται
1196 2374 1218 2404 S
1234 2373 1278 2405 L:
1305 2373 1460 2414 ψεύσεται
1479 2377 1556 2403 cett.
