1737 2734
182 134 303 189 xxm]
497 136 625 176 KAT‘
668 138 1182 177 ΑΡΙΣΤΟΚΡΑΤΟΎΣ
1540 137 1655 192 [647]

177 237 261 277 τοὺς
292 237 575 276 ἀποκτείναντας
607 236 752 274 ἐκδῶσι.
820 236 889 284 τὴν
922 235 960 273 δὲ
991 235 1244 285 ἀνδροληψίαν
1279 234 1369 274 εἶναι
1401 235 1511 285 μέχρι

178 294 296 341 τριῶν,
318 290 434 329 πλέον
454 291 491 328 δὲ
511 292 576 340 μή.

247 422 435 465 Πολλῶν,
464 418 492 459 ὦ
519 418 656 471 ἄνδρες
683 418 900 469 Ἀθηναῖοι,
929 422 1057 460 καλῶς
1083 420 1260 471 ἐχόντων
1286 419 1417 469 νόμων
1441 417 1510 457 οὐκ

179 485 252 526 οἶδ’
277 487 313 525 εἴ
339 502 445 527 τινος
474 486 593 537 ἦττον
623 486 736 527 οὗτος
766 485 851 539 ἔχει
886 489 1015 528 καλῶς
1046 486 1107 525 καὶ
1139 486 1297 527 δικαίως
1328 485 1349 524 ὁ
1376 485 1508 535 νόμος.

141 572 156 603 5
179 552 393 605 σκέψασθε
419 554 494 604 γὰρ
526 553 577 594 ὡς
610 554 784 603 νομίμως
819 552 882 592 καὶ
909 550 1054 604 σφόδρ’
1085 552 1342 604 ἀνθρωπίνως
1373 554 1509 592 κεῖται.
1541 553 1660 609 [648]

182 622 190 636 ‘
209 618 278 659 ἐάν
307 636 365 660 τις
394 620 515 673 βιαίῳ
546 618 701 673 θανάτῳ
734 618 942 674 ἀποθάνῃ,’
969 620 1110 671 φησίν.
1182 622 1337 670 πρῶτον
1364 620 1438 669 μὲν
1464 617 1510 668 δὴ
1542 628 1586 671 83

178 689 293 726 τοῦτο
323 685 592 738 προσγράψας
622 685 666 725 τὸ
695 688 703 703 ‘
721 685 892 736 βιαίως,’
919 686 1130 736 σύμβολον
1155 686 1370 735 πεποίηκεν
1394 683 1423 740 ᾧ
1448 701 1508 737 γι-

178 753 411 804 γνώσκομεν
430 754 502 798 ὅτι,
524 751 573 792 ἂν
594 752 749 797 ἀδίκως,
767 751 893 804 λέγει.
957 756 965 769 ‘
983 753 1080 804 ὑπὲρ
1098 752 1237 792 τούτου
1252 752 1261 765 ’
1277 752 1382 805 φησὶ
1403 754 1413 770 ‘
1429 756 1512 793 τοῖς

180 818 451 871 προσήκουσιν
472 818 572 859 εἶναι
597 820 668 860 τὰς
695 819 981 871 ἀνδροληψίας,
1005 819 1076 860 ἕως
1101 818 1150 859 ἂν
1174 815 1323 868 ἢδίκας
1341 822 1410 858 τοῦ
1434 819 1509 870 φό-

123 904 161 925 10
180 903 248 926 νου
272 886 511 939 ὑπόσχωσιν
535 882 559 936 ἦ
585 885 677 927 τοὺς
702 886 1012 927 ἀποκτείναντας
1037 885 1233 926 ἐκδῶσιν.’
1302 884 1511 926 σκοπεῖσθ’

181 952 233 994 ὡς
259 956 399 994 καλῶς.
462 953 656 1004 πρότερον
679 954 751 1003 μὲν
776 953 973 1005 ὑποσχεῖν
999 953 1108 994 δίκας
1133 951 1248 1002 ἀξιοῖ,
1269 953 1367 1003 μετὰ
1392 955 1512 992 ταῦτα

180 1019 233 1064 δέ,
252 1019 301 1059 ἂν
320 1022 436 1059 τοῦτο
453 1018 506 1069 μὴ
527 1018 771 1069 βούλωνται,
790 1017 1038 1070 προσέταξεν
1060 1020 1250 1059 ἐκδοῦναι·
1288 1020 1357 1058 ἐὰν
1377 1021 1419 1059 δὲ
1436 1035 1510 1069 μη-

180 1085 338 1138 δέτερον
369 1086 519 1126 τούτων
552 1085 737 1132 ἐθέλωσι,
779 1085 851 1125 (τὸ
884 1084 1183 1137 ἀνδρολήψιόν’
1218 1091 1346 1137 φησιν
1384 1084 1512 1126 ‘duat

179 1151 297 1205 μέχρι
321 1157 451 1204 τριῶν,
480 1151 606 1193 πλέον
631 1154 673 1193 δὲ
702 1150 784 1203 μή.’
856 1153 961 1205 παρὰ
991 1152 1123 1192 τοίνυν
1152 1153 1250 1192 ὅλον
1279 1156 1417 1193 τοῦτον
1442 1151 1510 1192 τὸν

122 1237 159 1268 15
181 1219 303 1270 νόμον
341 1220 492 1270 εἴρηται
530 1218 575 1259 τὸ
613 1217 822 1271 ψήφισμα.
884 1223 1040 1271 πρῶτον
1078 1220 1150 1269 μὲν
1189 1218 1278 1271 γάρ,
1318 1218 1415 1259 “ε’άν
1452 1235 1511 1261 τις
1541 1226 1587 1270 84

180 1286 393 1341 ἀποκτείνῃ
410 1285 419 1299 ’
445 1284 625 1338 γράφων,
648 1285 693 1325 οὐ
713 1284 967 1338 προσέγραψ’
994 1286 1135 1327 ἀδίκως
1159 1285 1248 1326 οὐδὲ
1266 1286 1410 1336 βιαίως
1429 1285 1511 1325 οὐδ’

179 1353 283 1394 ὅλως
320 1351 445 1392 οὐδέν.
517 1352 600 1392 εἶτα
637 1352 712 1404 πρὸ
748 1355 816 1392 τοῦ
852 1354 963 1403 δίκην
999 1351 1169 1403 ἀξιῶσαι
1205 1356 1363 1403 λαβεῖν,
1399 1352 1511 1394 εὐθὺς

180 1419 357 1471 ἔγραψεν
383 1419 587 1470 ἀγώγιμον
613 1418 726 1458 εἶναι.
789 1418 887 1470 πρὸς
912 1421 954 1459 δὲ
978 1419 1130 1461 τούτοις
1156 1420 1176 1458 ὁ
1198 1421 1271 1470 μὲν
1290 1420 1421 1470 νόμος,
1441 1421 1510 1460 ἐὰν

179 1484 276 1536 μήτε
305 1486 413 1527 δίκας
443 1486 657 1538 ὑπόσχωσι
690 1485 782 1537 παρ’
813 1487 871 1527 οἷς
899 1484 949 1526 ἂν
978 1485 1023 1525 τὸ
1056 1486 1181 1527 πάθος
1209 1485 1384 1538 γένηται,
1411 1484 1510 1537 μήτε

121 1570 162 1591 20
179 1552 270 1594 τοὺς
303 1553 538 1603 δεδρακότας
569 1554 726 1598 ἐκδῶσι,
762 1553 914 1592 κελεύει
948 1554 1046 1592 κατὰ
1078 1553 1228 1593 τούτων
1261 1552 1360 1593 εἶναι
1392 1552 1510 1606 μέχρι

179 1623 295 1671 τριῶν
327 1619 372 1659 τὸ
406 1618 693 1670 ἀνδρολήψιον·
738 1619 758 1658 ὁ
796 1621 837 1660 δὲ
869 1619 1029 1661 τούτους
1057 1621 1131 1670 μὲν
1163 1617 1313 1674 ἀθῴους
1345 1621 1506 1670 παρῆκε,
1541 1625 1584 1670 85

181 1687 242 1726 καὶ
281 1685 369 1727 οὐδὲ
411 1687 532 1737 λόγον
576 1687 786 1735 πεποίηται
835 1686 923 1737 περὶ
966 1686 1093 1726 αὐτῶν
1139 1686 1290 1732 οὐδένα,
1334 1686 1425 1728 τοὺς
1466 1689 1507 1726 δὲ

180 1752 248 1793 τὸν
289 1751 361 1803 ἤδη
410 1753 636 1805 πεφευγότα
677 1751 802 1802 (θήσω
847 1755 922 1805 γὰρ
970 1751 1085 1802 οὕτω)
1128 1755 1225 1793 κατὰ
1265 1752 1334 1793 τὸν
1376 1752 1509 1794 κοινὸν

180 1818 366 1860 ἁπάντων
409 1820 625 1871 ἀνθρώπων
667 1820 800 1869 νόμον,
843 1819 885 1860 ὃς
929 1823 1051 1860 κεῖται
1093 1823 1161 1860 τὸν
1203 1820 1404 1872 φεύγοντα
1446 1820 1506 1860 δέ-

122 1903 158 1934 25
180 1889 338 1939 χεσθαι,
376 1885 691 1936 ὑποδεξαμένους
728 1887 971 1927 ἐκσπόνδους
1011 1885 1112 1926 εἶναι
1150 1886 1308 1938 γράφει,
1347 1888 1416 1927 ἐὰν
1455 1887 1507 1936 μὴ

180 1953 249 1993 τὸν
279 1952 409 2003 ἱκέτην
435 1954 597 1993 ἔκδοτον
621 1955 796 1992 διδῶσιν.
857 1953 996 1993 οὐκοῦν
1022 1954 1084 1993 καὶ
1117 1956 1169 2007 τῷ
1195 1953 1246 2003 μὴ
1273 1956 1508 2005 προσθεῖναι

181 2023 276 2065 πῶς,
303 2020 373 2060 ἐὰν
398 2020 622 2076 ἀποκτείνῃ,
653 2021 715 2059 καὶ
739 2023 792 2074 τῷ
817 2020 1010 2070 μηδεμίαν
1037 2020 1168 2072 κρίσιν
1199 2021 1337 2065 εἰπεῖν,
1366 2020 1428 2060 καὶ
1453 2023 1506 2074 τῷ

180 2086 232 2136 μὴ
270 2087 378 2128 δίκας
415 2088 550 2131 αἰτεῖν,
588 2087 649 2126 καὶ
687 2089 739 2140 τῷ
777 2087 1031 2140 πανταχόθεν
1064 2087 1215 2126 διδόναι
1250 2090 1408 2137 λαβεῖν,
1445 2087 1507 2126 καὶ

181 2157 234 2208 τῷ
250 2154 340 2194 τοὺς
354 2152 679 2204 ὑποδεξαμένους,
701 2154 808 2193 ἀλλὰ
827 2152 879 2203 μὴ
897 2153 988 2205 παρ’
1004 2154 1062 2195 οἷς
1076 2152 1124 2193 ἂν
1141 2153 1184 2193 τὸ
1202 2152 1327 2195 πάθος
1346 2152 1509 2205 γένηται

224 2275 243 2302 4
280 2266 296 2295 ὂ
324 2263 418 2303 νόμος
446 2264 526 2294 secl.
555 2263 664 2294 Cobet
831 2273 847 2301 7
884 2264 995 2300 βιαίως
1024 2263 1183 2301 SFYO‚
1209 2264 1252 2294 cf.
1279 2267 1293 2301 ξ
1320 2265 1381 2301 84:
1414 2264 1508 2304 βιαίῳ

182 2312 260 2338 cett.
440 2307 459 2336 8
498 2307 589 2347 λέγει
625 2307 782 2337 Dobree:
821 2306 905 2348 λέγῃ
939 2307 1035 2337 codd.
1221 2317 1259 2346 19
1299 2306 1444 2346 ὑπέχωσι
1476 2308 1508 2338 Α

181 2360 225 2381 20
249 2352 363 2382 ἐκδῶσι
383 2350 616 2380 Herwerden:
644 2353 810 2382 ἐκδιδῶσιν
827 2350 923 2381 codd.
1018 2360 1058 2388 25
1082 2351 1156 2382 τοὺς
1170 2356 1246 2380 ante
1261 2350 1509 2391 ὑποδεξαμένους

181 2394 255 2425 add.
274 2394 370 2425 codd.
389 2405 396 2423 ε
420 2404 486 2425 om.
507 2393 695 2424 Felicianus
