1737 2734
138 168 211 222 xx]
527 171 685 210 ΠΡΟΣ
736 172 1070 210 ΛΕΠΤΙΝΗΝ
1497 172 1611 228 [502]

1280 275 1382 290 ›t‘jl

135 276 263 316 αὐτῶν
293 275 382 316 οὔτε
411 277 521 316 δίκας
549 276 629 315 οὔτ’
660 276 822 317 εὐθύνας
853 277 939 315 οὕτε
971 278 1221 316 διαδικασίαν
1250 293 1319 316 ουτ
1361 282 1464 316 αλλο

135 342 276 382 τοιοῦτ’
297 343 410 382 οὐδὲν
431 341 541 382 εῖναι.
601 344 722 396 χωρὶς
738 345 779 382 δὲ
800 343 949 382 τούτων
970 343 1222 383 ἀτοπώτατον
1241 343 1290 383 ἂν
1307 342 1464 383 πάντων

137 409 328 459 συμβαίη,
348 410 380 448 εἰ
400 409 489 449 τότε
505 412 577 459 μὲν
592 412 640 449 τὰ
659 410 840 460 Χαβρίου
860 409 950 460 παρ’
969 410 1059 459 ὑμῖν
1079 409 1175 462 ἔργα
1194 410 1328 460 μεῖζον
1348 411 1464 463 ἴσχυε

135 479 213 515 τῶν
233 475 518 526 Λεωδάμαντος
544 477 691 528 λόγων,
718 475 853 525 ἐπειδὴ
874 478 915 516 δὲ
941 475 1062 516 ταῦτά
1089 476 1122 515 θ’
1146 476 1315 530 ὑπάρχει
1336 477 1464 516 καὶτὰ

98 560 114 591 5
134 546 211 582 τῶν
226 541 362 582 ἄλλων
378 542 594 594 εὐεργετῶν
610 542 1116 594 προσγέγονεν,τηνικαῦτα
1132 543 1341 594 σύμπαντα
1357 543 1464 583 ταῦτ’

135 607 406 660 ἀσθενέστερα
434 613 512 649 τῶν
541 610 680 650 τούτου
708 610 842 661 λόγων
874 609 1044 661 γένοιτο.
1116 611 1178 650 καὶ
1202 609 1281 660 μὴν
1305 611 1402 662 πρός
1426 609 1462 662 γ’
1498 623 1562 664 148

135 675 440 727 Ἀριστοφῶντα
457 678 591 716 πολλὰ
612 677 673 716 καὶ
693 675 807 716 δίκαι’
826 675 875 716 ἂν
895 677 1003 729 ἔχειν
1024 677 1149 716 εἰπεῖν
1169 676 1289 727 οἶμαι.
1350 677 1462 718 οὗτος

136 743 269 794 εὕρετο
292 742 364 792 τὴν
389 744 555 794 δωρειὰν
574 742 664 794 παρ’
683 744 787 793 ὑμῖν,
810 740 895 798 ἐνῇ
918 742 1020 782 τοῦτ’
1042 744 1147 793 ἐνῆν.
1207 744 1269 783 καὶ
1296 743 1341 782 οὐ
1359 743 1462 783 τοῦτ’

134 810 311 860 ἐπιτιμῶ·
363 812 423 849 δεῖ
450 811 525 861 γὰρ
559 809 624 862 ἐφ’
654 811 745 860 ὑμῖν
773 810 873 849 εἶναι
903 810 1052 850 διδόναι
1081 811 1129 849 τὰ
1159 809 1310 862 ὑμέτερ’
1335 810 1463 851 αὐτῶν

77 890 115 912 10
134 876 192 916 οῖς
216 875 264 915 ἂν
289 877 512 926 βούλησθε.
582 875 675 916 ἀλλ’
702 877 831 916 ἐκεῖνό
853 875 892 928 γ’
923 876 1013 929 οὐχὶ
1042 876 1194 916 δίκαιον
1219 877 1324 917 εἶναί
1346 882 1459 929 φημι,

133 941 178 981 τὸ
212 943 278 982 ὅτε
309 944 382 992 μὲν
410 943 534 996 τούτῳ
567 942 675 982 ταῦτ’
704 943 874 993 ἔμελλεν
903 942 1097 996 ὑπάρχειν
1126 944 1310 993 λαβόντι,
1340 946 1462 994 μηδὲν

133 1008 318 1060 ἡγεῖσθαι
342 1009 485 1054 δεινόν,
513 1009 646 1060 ἐπειδὴ
672 1009 704 1049 δ’
731 1009 878 1061 ἑτέροις
903 1009 1071 1055 δέδοται,
1096 1009 1293 1060 τηνικαῦτ’
1313 1011 1460 1062 ἀγανα-

134 1078 240 1115 κτεῖν
270 1076 332 1115 καὶ
361 1076 512 1116 πείθειν
542 1077 640 1126 ὑμᾶς
671 1075 909 1129 ἀφελέσθαι.
982 1076 1044 1116 καὶ
1072 1076 1150 1127 μὴν
1181 1077 1243 1116 καὶ
1270 1077 1460 1132 Γελάρχῳ
1496 1096 1561 1131 149

132 1141 250 1182 πέντε
272 1141 434 1182 τάλαντ’
455 1142 667 1183 ἀποδοῦναι
693 1142 863 1195 γέγραφ’
888 1143 1001 1185 οὗτος
1027 1143 1078 1185 ὡς
1103 1144 1355 1197 παρασχόντι
1379 1147 1461 1186 τοῖς

77 1222 111 1254 15
132 1209 175 1248 ἐν
202 1212 385 1261 Πειραιεῖ
405 1213 473 1249 τοῦ
498 1209 631 1260 δήμου,
661 1211 722 1250 καὶ
748 1213 878 1251 καλῶς
902 1210 1040 1250 ἐποίει.
1111 1210 1163 1261 μὴ
1188 1211 1320 1251 τοίνυν
1340 1211 1364 1250 ἃ
1387 1213 1460 1261 μὲν

132 1274 179 1325 ἧν
204 1275 415 1328 ἀμάρτυρα,
442 1276 549 1316 ταῦτ’
576 1277 639 1316 ἐπὶ
665 1282 713 1333 τῇ
739 1280 807 1316 τοῦ
837 1275 960 1327 δήμου
983 1276 1186 1328 προφάσει
1211 1278 1275 1317 διὰ
1301 1280 1374 1317 σοῦ
1398 1280 1459 1318 δε·

131 1342 278 1391 ὃόσθω,
298 1344 354 1383 ὧν
373 1343 406 1383 δ’
432 1343 548 1385 αὐτὸς
572 1345 593 1383 ὁ
612 1346 733 1394 δῆμος
756 1343 968 1395 μαρτυρίας
986 1342 1159 1393 ἔστησεν
1183 1345 1226 1384 ἐν
1241 1347 1322 1386 τοῖς
1342 1345 1460 1395 ἱεροῖς

132 1408 371 1462 ἀναγράψας
391 1411 454 1450 καὶ
474 1409 618 1452 πάντες
639 1411 869 1456 συνίσασιν,
890 1409 997 1450 ταῦτ’
1017 1410 1244 1462 ἀφελέσθαι
1263 1412 1457 1463 παραίνει·

130 1475 219 1526 μηδ’
237 1476 354 1518 αὐτὸς
370 1478 516 1529 φαίνου
531 1476 579 1517 τά
595 1477 629 1516 τ’
645 1476 876 1530 ὀφειλόμεν’
902 1476 953 1519 ὡς
973 1477 1187 1517 ἀποδοῦναι
1203 1479 1264 1518 δεῖ
1277 1477 1457 1530 γράφων,

73 1561 112 1583 20
132 1542 196 1583 καὶ
220 1542 245 1583 ἅ.
269 1560 328 1586 τις
352 1545 457 1596 παρὰ
475 1547 544 1584 τοῦ
568 1543 691 1595 δήμου
715 1544 959 1594 κεκόμισται,
981 1543 1089 1583 ταῦτ’
1111 1543 1338 1596 ἀφελέσθαι
1357 1561 1456 1596 παρ-

130 1614 265 1650 αινῶν.
337 1610 400 1651 καὶ
431 1610 508 1661 μὴν
533 1611 629 1663 πρός
662 1628 708 1663 γε
734 1611 1016 1662 Κηφισόδοτον
1040 1610 1195 1650 τοσοῦτ’
1222 1610 1270 1651 ἂν
1296 1612 1457 1662 εἴποιμι.
1493 1628 1560 1664 150

130 1676 242 1719 οὗτός
262 1679 374 1718 ἐστιν
393 1677 551 1720 οὐδενὸς
566 1677 697 1728 ἧττον,
716 1675 746 1717 ὦ
765 1677 902 1729 ἄνδρες
921 1676 1138 1727 Ἀθηναῖοι,
1160 1681 1238 1718 τῶν
1255 1679 1459 1730 λεγόντων

130 1743 256 1786 δεινὸς
280 1746 417 1785 εἰπεῖν.
476 1744 579 1785 πολὺ
598 1746 730 1785 τοίνυν
751 1744 917 1784 κάλλιον
935 1750 983 1801 τῇ
1002 1745 1195 1795 δεινότητι
1219 1745 1340 1801 ταύτῃ
1359 1746 1456 1798 χρῆ·
1491 1747 1605 1802 [503]

131 1812 225 1850 σθαι
250 1812 314 1852 ἐπὶ
339 1811 384 1851 τὸ
414 1811 505 1853 τοὺς
535 1812 765 1853 ἀδικοῦντας
794 1812 894 1862 ὑμᾶς
925 1810 1107 1860 κολάζειν
1136 1808 1160 1861 ἢ
1190 1811 1279 1852 τοὺς
1309 1813 1459 1864 ἀγαθοῦ

72 1895 108 1926 ²5
129 1877 235 1920 τινὸς
260 1879 406 1919 αἰτίους
436 1879 595 1919 ἀδικεῖν.
668 1879 702 1918 εἰ
732 1880 808 1930 γὰρ
836 1877 1141 1930 ἀπεχθάνεσθαί
1162 1894 1246 1918 τισι
1279 1881 1348 1925 δεῖ,
1375 1882 1458 1920 τοῖς

129 1944 310 1985 ἀδικοῦσι
333 1944 400 1985 τὸν
420 1947 556 1995 δῆμον,
578 1944 623 1985 οὐ
641 1948 723 1987 τοῖς
743 1945 892 1996 ἀγαθόν
908 1961 946 1984 τι
966 1947 1149 1985 ποιοῦσιν
1169 1944 1295 1997 ἔγωγε
1314 1946 1456 1995 νομίζω

129 2013 222 2051 δεῖν.
296 2011 394 2063 πρὸς
422 2013 553 2052 τοίνυν
586 2013 763 2052 Δεινίαν·
815 2011 929 2053 οὗτος
962 2013 1059 2052 ’ίσως
1093 2013 1175 2063 ἐρεῖ
1203 2013 1458 2064 τριηραρχίας
1493 2027 1553 2064 151

129 2078 245 2118 αὑτοῦ
269 2079 332 2118 καὶ
356 2080 605 2134 λῃτουργίας.
678 2079 755 2130 ἐγὼ
781 2077 827 2124 δ’,
855 2079 888 2118 εἰ
908 2081 1061 2117 πολλοῦ
1086 2079 1132 2134 τῇ
1159 2079 1276 2118 πόλει
1297 2079 1458 2120 Δεινίας

129 2142 240 2194 ἄξιον
276 2144 394 2185 αὑτὸν
429 2144 697 2198 παρέσχηκεν,
734 2145 785 2186 ὡς
821 2144 955 2196 ἔμοιγε
992 2147 1100 2185 δοκεῖ
1134 2145 1180 2194 νὴ
1210 2145 1299 2186 τοὺς
1331 2146 1455 2191 θεούς,

0 2191 2 2270 ᾗ
69 2225 110 2256 3ο
127 2213 284 2261 μᾶλλον
308 2210 357 2251 ἂν
376 2211 656 2263 παραινέσαιμ’
676 2213 778 2266 αὑτῷ
804 2213 892 2251 τινὰ
911 2210 1025 2262 τιμὴν
1045 2212 1143 2261 ὑμᾶς
1164 2210 1299 2261 ἀξιοῦν
1325 2214 1458 2252 δοῦναι

132 2273 148 2289 vx
203 2278 216 2290 x
275 2280 284 2293 (
324 2277 333 2292 t
510 2279 519 2291 t
664 2281 678 2290 κ
762 2279 771 2291 s
880 2278 889 2291 s
993 2277 1001 2291 t
1230 2279 1240 2291 t
1440 2279 1451 2293 x

127 2293 151 2326 η
176 2294 245 2319 τας
270 2295 417 2330 ετεροις
441 2295 634 2330 προτερον
661 2281 846 2319 οοθεισας
872 2280 1098 2329 αφελεσθαι
1124 2284 1313 2318 κελευειν·
1355 2285 1458 2319 πολυ

174 2396 185 2415 1
197 2396 209 2416 1
237 2387 393 2428 ὑπάρχειν
411 2387 433 2417 S
449 2387 485 2416 L¹
501 2387 529 2417 Y
543 2388 572 2418 O
590 2400 596 2418 z
622 2387 767 2429 ὑπάρξειν
784 2387 873 2425 vulg.
1050 2396 1087 2425 13
1113 2386 1282 2429 Γελάρχῳ]
1301 2388 1457 2429 Τελάρχῳ

128 2430 181 2459 vel
194 2430 388 2471 Ἀ’γελάρχῳ
405 2431 492 2461 coni.
509 2431 638 2461 Reiske
733 2440 770 2469 15
786 2433 843 2462 τοῦ
856 2430 955 2467 δήμου
969 2429 1049 2461 secl.
1065 2430 1188 2469 Taylor
1281 2441 1319 2470 19
1343 2432 1455 2473 αὐτὸς]

129 2476 144 2505 ὁ
163 2474 254 2505 αὐτὸς
274 2473 299 2503 L
316 2473 402 2510 vulg.
420 2486 426 2502 z
452 2476 546 2506 αὐτὸς
565 2474 598 2505 Ξῐ
620 2475 652 2515 (ὁ
669 2475 745 2505 add.
763 2473 853 2512 ead.)
873 2472 904 2503 Y
917 2473 947 2504 O
962 2473 986 2503 P
