1737 2734
83 876 119 897 10

87 1877 122 1907 25

89 2209 126 2239 50

140 148 226 203 xm]
562 153 724 190 ΚΑΤΑ
772 152 1044 190 ΜΕΙΔΙΟΎ

139 259 515 309 καταχειροτονηθὲν
540 256 669 302 αὐτοῦ,
699 256 761 296 καὶ
785 256 891 297 ταῦτ’
911 257 1080 307 ἀσεβεῖν
1105 257 1193 309 περὶ
1217 255 1289 306 τὴν
1315 255 1467 308 ἑορτήν,

138 326 171 365 εἰ
198 325 261 363 καὶ
291 323 426 374 μηδεὶς
457 323 580 365 ἄλλος
610 325 708 373 ἐπῆν
743 324 850 376 ἀγὼν
883 324 940 363 ἔτι
972 326 1071 374 μηδὲ
1104 325 1294 369 κίνδυνος,
1321 324 1391 364 οὐκ
1421 323 1469 363 ἂν

137 390 197 431 ἐπ’
231 391 334 444 αὐτῷ
372 390 495 444 τούτῳ
529 390 668 430 κατέδυ
703 390 764 430 καὶ
796 389 955 442 μέτριον
988 389 1194 443 παρέσχεν
1228 390 1368 430 ἑαυτὸν
1399 391 1469 430 τόν

137 474 182 509 γε
213 456 259 507 δὴ
293 456 411 510 μέχρι
439 459 508 507 τῆς
538 459 703 509 κρίσεως
733 457 891 510 χρόνον,
920 458 953 498 εἰ
980 458 1041 496 καὶ
1073 457 1126 508 μὴ
1157 456 1305 504 πάντα,·
1344 456 1470 498 οὐδεὶς

137 525 248 565 ὅστις
287 524 355 563 οὐκ
394 523 454 563 ἄν.
526 523 617 564 ἀλλ’
661 524 704 563 οὐ
748 525 928 570 Μειδίας,
970 524 1062 564 ἀλλ’
1101 523 1178 564 ἀπὸ
1214 526 1284 575 τῆς
1323 523 1470 576 ἡμέρας

137 590 278 640 ταύτης
302 589 425 642 λέγει,
452 593 702 642 λοιδορεῖται,
730 594 825 646 βοᾷ.
887 591 1172 644 χειροτονεῖταί
1194 607 1264 632 τις·
1304 592 1469 633 Μειδίας

137 656 427 709 Ἀναγυράσιος
474 657 767 708 προβέβληται.
846 656 1111 710 Πλουτάρχου
1157 656 1351 709 προξενεῖ,
1399 659 1467 698 τά-

139 723 302 776 πόρρητ’
327 723 445 769 οἶδεν,
472 724 495 774 ἡ
525 725 641 766 πόλις
670 723 788 764 αὐτὸν
818 724 862 764 οὐ
891 728 1025 777 χωρεῖ.
1099 724 1160 764 καὶ
1193 728 1317 764 ταῦτα
1340 724 1470 765 πάντα

139 794 246 831 ποιεῖ
290 793 411 840 δῆλον
453 791 513 830 ὅτι
561 791 673 832 οὐδὲν
720 790 813 830 ἄλλ’
851 791 1146 842 ἐνδεικνύμενος
1188 788 1211 841 ἢ
1253 792 1315 832 ὅτι
1363 792 1470 844 (ἐγὼ

140 857 252 898 οὐδὲν
286 857 448 898 πέπονθ’
478 857 553 897 ὑπὸ
592 860 661 908 τῆς
701 859 1058 911 καταχειροτονίας,
1087 858 1174 898 οὐδὲ
1208 858 1348 898 δέδοικ’
1381 858 1470 899 οὐδὲ

141 927 344 976 φοβοῦμαι
376 924 445 964 τὸν
477 924 666 975 μέλλοντ’
699 924 861 976 ἀγῶνα.’
933 924 976 966 ὃς
1009 924 1089 971 οὖν,
1116 922 1146 964 ὦ
1177 924 1315 977 ἄνδρες
1347 925 1467 976 Ἀθη-

140 995 256 1036 ναῖοι,
283 990 327 1031 τὸ
359 993 430 1041 μὲν
462 992 561 1041 ὑμᾶς
591 990 760 1032 δεδιέναι
793 994 922 1032 δοκεῖν
955 991 1126 1044 αἰσχρὸν
1157 992 1324 1044 ἡγεῖται,
1350 992 1395 1033 τὸ
1428 994 1470 1033 δὲ

139 1060 262 1108 μηδὲν
300 1058 524 1110 φροντίζειν
565 1059 673 1108 ὑμῶν
710 1059 903 1104 νεανικόν,
937 1061 1076 1098 τοῦτον
1109 1058 1177 1098 οὐκ
1215 1059 1472 1100 ἀπολωλέναι

141 1124 295 1166 δεκάκις
334 1123 547 1176 προσήκει,·
597 1124 686 1166 οὐδὲ
727 1126 803 1178 γὰρ
847 1124 950 1176 ἕξειν
991 1127 1090 1176 ὑμᾶς
1132 1127 1155 1165 ὅ
1196 1142 1233 1166 τι
1274 1125 1471 1179 χρήσεσθ’

142 1191 243 1245 αὐτῷ
292 1192 453 1242 νομίζει.
526 1193 732 1239 πλούσιος,
783 1192 944 1244 θρασύς,
994 1191 1098 1244 μέγα
1146 1196 1319 1245 φρονῶν,
1368 1193 1472 1245 μέγα

142 1259 428 1310 φθεγγόμενος,
463 1259 610 1309 βίαιος,
646 1257 958 1309 ἀναιδής,-ποῦ
994 1259 1264 1312 ληφθήσεται,
1296 1263 1366 1301 νῦν
1404 1261 1472 1301 ἐὰν

142 1325 440 1377 διακρούσηται,·

207 1391 321 1432 Ἀλλ’
343 1393 482 1444 ἔγωγε,
504 1393 538 1432 εἶ
556 1392 724 1443 μηδενὸς
750 1394 879 1434 εἵνεκα
903 1397 981 1434 τῶν
1007 1393 1155 1440 ἄλλων,
1176 1397 1254 1433 τῶν
1278 1410 1324 1446 γε
1348 1396 1469 1444 δημη-

142 1462 285 1511 γοριῶν
323 1460 378 1499 ὧν
417 1458 608 1500 ἑκάστοτε
646 1462 871 1512 δημηγορεῖ,
914 1461 976 1500 καὶ
1018 1462 1061 1500 ἐν
1099 1461 1156 1502 οῖς
1199 1465 1358 1513 καιροῖς,
1400 1460 1472 1510 τὴν

84 1543 96 1563 2
140 1527 335 1578 μεγίστην
367 1525 415 1566 ἂν
445 1525 562 1567 αὐτὸν
595 1528 752 1568 δικαίως
777 1527 884 1578 οἶμαι
917 1529 1029 1578 δίκην
1062 1530 1207 1568 δοῦναι.
1279 1529 1367 1568 ἴστε
1396 1529 1472 1579 γὰρ

143 1591 267 1642 δήπου
292 1592 398 1632 τοῦθ’
418 1594 490 1639 ὅτι,
513 1593 561 1633 ἂν
585 1593 659 1643 μέν
678 1610 715 1633 τι
733 1598 811 1634 τῶν
836 1595 1006 1635 δεόντων
1026 1595 1260 1651 ἀπαγγελθῇ
1284 1600 1331 1651 τῇ
1355 1595 1473 1634 πόλει

143 1659 205 1698 καὶ
230 1663 407 1699 τοιοῦτον
427 1661 510 1699 οῖον
531 1659 723 1712 εὐφρᾶναι
748 1660 909 1706 πάντας,
932 1662 1101 1711 οὐδαμοῦ
1119 1662 1278 1701 πώποτε
1305 1662 1472 1703 Μειδίας

143 1730 219 1766 τῶν
263 1726 541 1777 συνηδομένων
583 1727 672 1767 οὐδὲ
713 1731 791 1767 τῶν
835 1728 1134 1780 συγχαιρόντων
1177 1727 1374 1779 ἐξητάσθη
1417 1732 1471 1783 τῷ

145 1791 266 1847 δήμῳ,
293 1792 342 1833 ἂν
366 1793 409 1833 δέ
432 1810 470 1833 τι
499 1797 692 1844 φλαῦρον,
719 1793 739 1833 ὃ
763 1795 899 1844 μηδεὶς
923 1794 971 1835 ἂν
998 1795 1192 1846 βούλοιτο
1215 1798 1294 1835 τῶν
1319 1795 1468 1840 ἄλλων,

144 1863 298 1912 πρῶτος
330 1858 550 1909 ἀνέστηκεν
587 1859 730 1901 εὐθέως
768 1860 830 1900 καὶ
867 1864 1092 1913 δημηγορεῖ,
1128 1862 1382 1913 ἐπεμβαίνων
1418 1866 1470 1916 τῷ

146 1930 262 1980 καιρῷ
289 1927 352 1966 καὶ
377 1928 446 1976 τῆς
471 1928 625 1977 σιωπῆς
644 1927 857 1967 ἀπολαύων
880 1925 928 1977 ἣν
954 1928 1018 1968 ἐπὶ
1042 1931 1094 1982 τῷ
1115 1930 1202 1980 περὶ
1221 1932 1299 1969 τῶν
1319 1933 1470 1979 συμβε-

145 1993 330 2043 βηκότων
363 1992 561 2045 ἄχθεσθαι
596 1993 768 2034 ποιεῖσθ’
801 1995 921 2045 ὑμεῖς·
967 1998 1162 2035 “τοιοῦτοι
1199 1994 1274 2047 γάρ
1310 1995 1407 2041 ἐστ’,
1443 1993 1472 2034 ὦ

145 2059 281 2112 ἄνδρες
299 2059 515 2110 Ἀθηναῖοι·
555 2060 600 2100 οὐ
619 2061 694 2112 γὰρ
710 2059 936 2114 ἐξέρχεσθε,
956 2061 1036 2101 οὐδ’
1054 2063 1187 2102 οἴεσθε
1204 2064 1285 2102 δεῖν
1304 2060 1473 2114 χρήματ’

146 2125 363 2178 εἰσφέρειν.
419 2125 504 2166 εἶτα
529 2126 735 2177 θαυμάζετ’
756 2128 789 2167 εἶ
815 2131 939 2169 κακῶς
964 2130 1011 2167 τὰ
1037 2127 1233 2180 πράγμαθ’
1253 2130 1343 2179 ὑμῖν
1368 2128 1470 2181 ἕχει;

147 2192 205 2242 ἔμ’
239 2192 365 2233 οἴεσθ’
398 2194 489 2243 ὑμῖν
523 2194 730 2239 εἰσοίσειν,
764 2195 874 2244 ὑμεῖς
907 2196 948 2234 δὲ
982 2198 1206 2245 νεμεῖσθαι,·
1246 2194 1305 2246 ἔμ’
1339 2197 1473 2235 οἴεσθε

195 2309 204 2329 Ι
234 2299 546 2341 καταχειροτονηθὲν
565 2300 601 2331 S¹
614 2300 644 2330 A
660 2312 667 2331 t
691 2300 1059 2342 καταχειροτονηθέντος
1079 2302 1103 2331 F
1116 2302 1144 2331 Y
1158 2302 1187 2332 O
1202 2302 1227 2332 P
1319 2312 1359 2333 10
1382 2302 1474 2335 οὐδὲν

146 2347 227 2372 ante
252 2343 394 2375 πέπονθα
419 2343 507 2374 AF:
540 2349 615 2383 post
639 2344 782 2376 πέπονθα
807 2344 872 2375 SY
888 2344 914 2374 P
1065 2355 1164 2383 14-17
1192 2346 1294 2376 verba
1319 2345 1392 2377 οὐδὲ
1411 2371 1417 2376 .
1436 2370 1443 2376 .
1466 2371 1472 2377 .

148 2386 376 2427 διακρούσηται
392 2387 500 2417 obelis
519 2392 633 2418 notata
652 2388 685 2417 in
706 2388 730 2417 F
910 2398 948 2427 19
973 2387 1126 2420 ἑκάστοτ’
1144 2389 1336 2431 ἐδημηγόρει
1356 2390 1379 2420 S
1398 2391 1473 2427 (sed

147 2431 157 2459 ἲ
176 2438 226 2468 pr.
245 2433 303 2467 m.)
323 2429 353 2459 A
367 2430 391 2459 F
535 2431 576 2460 28
601 2433 635 2462 οὐ
651 2432 714 2472 γὰρ
731 2430 760 2460 Α
776 2431 820 2460 F:
845 2430 917 2462 οὐδὲ
933 2432 996 2473 ’γὰρ
1013 2432 1037 2462 S
1055 2432 1144 2470 vulg.
1244 2433 1308 2464 οὐδ’
1326 2435 1430 2465 οἴεσθε
1449 2433 1473 2464 S

148 2472 189 2502 al.
210 2484 216 2502 :
240 2475 275 2503 οὐ
290 2474 353 2514 ’γὰρ
370 2475 473 2505 οἴεσθε
492 2473 521 2503 Α
536 2473 560 2503 F
722 2485 764 2513 3ο
788 2477 948 2514 νεμεῖσθαι
968 2500 974 2506 .
993 2498 1000 2505 .
1022 2499 1029 2506 .
1051 2476 1251 2514 ἐμβήσεσθαι
1271 2475 1471 2515 Felicianus,

148 2515 190 2546 cf.
211 2516 317 2547 schol.
339 2527 371 2556 p.
389 2526 463 2556 534,
483 2527 524 2556 3:
550 2520 696 2553 νεμεῖσθε
715 2541 722 2548 .
739 2542 746 2549 .
767 2540 773 2546 .
794 2519 977 2557 ἐμβήσεσθε
995 2520 1091 2550 codd.

1502 153 1610 208 [578]

1501 541 1571 565 200

1501 594 1614 649 [579]

1502 945 1566 971 201

1503 1410 1570 1436 202

1502 1810 1569 1845 203
