1737 2734
146 165 218 220 xx]
534 170 694 207 ΠΡΟΣ
742 169 1079 207 AEHTINHN
1502 169 1621 224 [497]

145 274 207 313 καὶ
236 277 400 313 πολλῶν
430 274 589 325 ἀγαθῶν
618 276 775 319 αἰτίους,
807 275 852 316 ἃς
882 274 1033 324 ἔλαβον
1063 275 1220 315 δικαίως
1250 272 1340 324 παρ’
1366 273 1473 323 ὑμῶν

143 342 304 392 δωρειὰς
343 340 570 392 ἀφελέσθαι
611 341 840 390 ζητούντων.
912 345 993 382 πῶς
1030 342 1104 392 γὰρ
1143 340 1232 392 οὐχὶ
1272 340 1334 379 καὶ
1375 341 1472 379 κατὰ
1506 354 1570 390 133

142 410 255 446 τοῦτο
281 406 471 446 δεινότατ’
490 406 538 447 ἂν
557 408 763 449 πεπονθὼς
789 409 809 447 ὁ
833 409 1017 459 Χαβρίας
1037 408 1194 459 φανείη,
1217 408 1250 447 εἷ
1273 406 1325 457 μὴ
1350 407 1472 456 μόνον

143 473 349 525 ἐξαρκέσει
366 477 446 514 τοῖς
466 476 512 513 τὰ
532 478 691 514 τοιαῦτα
711 474 1034 524 πολιτευομένοις
1058 473 1127 514 τὸν
1153 474 1302 514 ἐκείνου
1327 476 1470 513 δοῦλον

103 558 119 589 5
142 541 313 580 Λυκίδαν
338 539 530 591 πρόξενον
554 540 743 592 ὑμέτερον
767 540 1035 591 πεποιηκέναι,
1063 540 1156 580 ἀλλ’
1183 542 1215 581 εἰ
1245 541 1308 580 διὰ
1333 543 1470 580 τοῦτον

141 606 262 646 πάλιν
282 606 343 646 καὶ
363 610 439 646 τῶν
460 607 595 662 ἐκείνῳ
615 624 651 647 τι
671 607 865 648 δοθέντων
885 607 1114 658 ἀφέλοιντο,
1138 607 1199 647 καὶ
1218 606 1324 646 ταῦτ’
1341 608 1470 647 αἰτίαν

139 673 326 725 λέγοντες
350 675 500 724 ψευδῆ;
539 674 584 713 οὐ
607 673 683 726 γάρ
708 676 820 714 ἐστιν
842 673 925 714 οὔθ’
950 674 1061 715 οὗτος
1092 673 1171 713 οὔτ’
1196 673 1321 715 ἄλλος
1345 673 1469 715 οὐδεὶς

140 739 330 791 πρόξενος
364 738 418 780 ὢν
447 740 604 790 ἀτελής,
632 742 707 795 ὅτῳ
737 740 790 791 μὴ
821 739 1030 793 διαρρήδην
1059 740 1244 780 ἀτέλειαν
1274 740 1419 780 ἔδωκεν
1448 741 1468 780 ὁ

138 808 270 857 δῆμος.
329 807 482 848 τούτοις
506 806 540 846 δ’
561 808 605 847 οὐ
632 807 812 853 δέδωκεν,
840 807 920 847 οὐδ’
940 805 1099 856 ἕξουσιν
1124 807 1231 847 οὗτοι
1256 808 1465 856 δεικνύναι,

81 889 118 912 10
136 872 246 927 λόγῳ
272 872 303 913 δ’
329 873 377 913 ἂν
402 874 736 926 ἀναισχυντῶσιν,
763 874 851 927 οὐχὶ
877 878 1006 916 καλῶς
1031 873 1282 923 ποιήσουσιν.

199 937 253 980 ΔΟ
287 940 419 980 τοίνυν
452 939 632 990 μάλιστα
670 940 829 981 πάντων
862 940 970 991 οἶμαι
1002 943 1083 980 δεῖν
1117 942 1228 991 ὑμᾶς,
1264 939 1293 980 ὦ
1329 940 1468 992 ἄνδρες
1501 954 1566 988 134

138 1006 354 1056 Ἀθηναῖοι,
381 1005 650 1058 φυλάξασθαι,
678 1007 783 1047 τοῦτ’
811 1009 936 1048 εἰπεῖν
964 1007 1021 1047 ἔτι
1048 1008 1261 1059 βούλομαι.
1333 1008 1367 1047 εἰ
1392 1006 1466 1059 γάρ

136 1090 195 1115 τις
226 1072 342 1114 πάνθ’
366 1074 444 1113 ὅσα
469 1075 666 1124 Λεπτίνης
690 1075 774 1126 ἐρεῖ
794 1075 883 1126 περὶ
907 1078 975 1114 τοῦ
1000 1075 1120 1124 νόμου
1145 1074 1343 1114 διδάσκων
1367 1075 1465 1125 ὑμᾶς

136 1141 188 1182 ὡς
218 1144 347 1182 καλῶς
379 1143 514 1185 κεῖται,
547 1141 848 1193 συγχωρήσειεν
876 1142 1004 1191 ἀληθῆ
1035 1140 1170 1193 λέγειν
1198 1139 1328 1186 αὐτόν,
1361 1141 1404 1181 ἕν
1427 1140 1464 1193 γ’

77 1227 114 1259 15
134 1207 305 1260 αἰσχρὸν
328 1206 409 1247 οὐδ’
433 1207 482 1247 ἂν
508 1208 544 1248 εἴ
570 1224 607 1247 τι
632 1207 777 1259 γένοιτ’
802 1208 1038 1259 ἀναιρεθείη,
1067 1207 1087 1247 ὃ
1118 1206 1372 1258 συμβήσεται
1402 1209 1465 1248 διὰ

133 1277 202 1314 τοῦ
230 1275 351 1325 νόμου
381 1275 511 1325 κυρίου
535 1274 750 1326 γενομένου
774 1281 821 1332 τῇ
847 1275 974 1315 πόλει.
1045 1275 1084 1314 τί
1112 1274 1179 1315 οὗν
1203 1273 1307 1314 τοῦτ’
1333 1274 1461 1321 ἕστιν,·

133 1340 178 1380 τὸ
198 1343 327 1381 δοκεῖν
346 1340 632 1391 ἐξηπατηκέναι
650 1341 739 1383 τοὺς
765 1342 915 1394 ἀγαθόν
933 1358 971 1381 τι
991 1340 1247 1391 ποιήσαντας.
1307 1342 1367 1381 ὅτι
1390 1343 1463 1392 μὲν
1494 1331 1612 1386 [498]

133 1408 264 1447 τοίνυν
295 1406 400 1448 τοῦθ’
431 1408 473 1448 ἕν
502 1424 540 1448 τι
568 1411 646 1448 τῶν
679 1409 859 1461 αἰσχρῶν
892 1410 1003 1449 ἐστιν
1035 1407 1184 1450 πάντας
1215 1407 1264 1448 ἂν
1296 1408 1464 1460 ἡγοῦμαι
1497 1397 1559 1434 ¹35

135 1476 277 1526 φῆσαι,
296 1475 379 1528 ὅσῳ
400 1473 433 1514 δ’
449 1475 540 1525 ὑμῖν
556 1476 717 1528 αἴσχιον
734 1479 811 1515 τῶν
827 1475 976 1521 ἄλλων,
995 1474 1192 1515 ἀκούσατέ
1210 1492 1299 1526 μου.
1353 1475 1464 1515 ἔστιν

75 1560 114 1581 20
133 1542 224 1592 ὑμῖν
261 1541 380 1592 νόμος
417 1542 594 1594 ἀρχαῖος,
629 1545 709 1582 τῶν
747 1546 875 1583 καλῶς
911 1542 1129 1582 δοκούντων
1165 1542 1286 1595 ἔχειν,
1321 1541 1369 1582 ἄν
1405 1559 1464 1583 τις

132 1608 411 1661 ὑποσχόμενός
447 1625 484 1647 τι
519 1608 588 1648 τὸν
624 1610 747 1659 δῆμον
783 1608 1027 1664 ἐξαπατήσῃ,
1064 1610 1222 1660 κρίνειν,
1259 1607 1328 1649 κᾶν
1365 1610 1462 1663 ἁλῷ,

133 1674 287 1729 θανάτῳ
317 1675 485 1726 ζημιοῦν.
559 1674 628 1715 εἶτ’
654 1675 721 1715 οὐκ
749 1675 998 1728 αἰσχύνεσθ’,
1026 1673 1055 1715 ὦ
1081 1675 1218 1727 ἄνδρες
1243 1675 1462 1726 Ἀθηναῖοι,

133 1742 167 1781 εἰ
197 1741 262 1793 ἐφ’
293 1740 322 1797 ᾧ
350 1745 431 1783 τοῖς
460 1741 601 1783 ἄλλοις
634 1741 805 1782 θάνατον
841 1743 979 1793 ζημίαν
1011 1741 1188 1792 ἐτάξατε,
1222 1741 1324 1782 τοῦτ’
1355 1742 1463 1782 αὐτοὶ

133 1811 335 1850 ποιοῦντες
365 1807 619 1859 φανήσεσθε;
660 1809 721 1848 καὶ
748 1808 826 1859 μὴν
855 1808 984 1850 πάντα
1011 1811 1082 1859 μὲν
1114 1809 1376 1859 εὐλαβεῖσθαι
1407 1812 1467 1849 δεῖ

74 1891 110 1922 25
133 1878 258 1915 ποιεῖν
278 1876 327 1914 τὰ
345 1877 535 1915 δοκοῦντα
555 1875 617 1915 καὶ
637 1874 717 1914 ὅντ’
738 1875 900 1928 αἰσχρά,
922 1875 1101 1926 μάλιστα
1126 1877 1167 1915 δὲ
1192 1875 1299 1915 ταῦτ’
1319 1875 1385 1927 ἐφ’
1405 1876 1463 1916 οἷς

131 1944 214 1983 τοῖς
243 1941 384 1983 ἄλλοις
413 1946 601 1994 χαλεπῶς
630 1958 689 1983 τις
718 1941 822 1995 ἔχων
848 1943 996 1994 ὁρᾶται·
1035 1942 1123 1982 οὐδὲ
1149 1943 1223 1994 γὰρ
1249 1941 1460 1994 ἀμφισβή-

131 2024 245 2057 τησις
289 2009 568 2048 καταλείπεται
603 2008 646 2048 τὸ
686 2008 739 2059 μὴ
776 2012 898 2049 ταῦτα
940 2013 1069 2050 ποιεῖν
1105 2010 1129 2050 ’ἀ
1170 2008 1308 2062 πονήρ’
1345 2009 1462 2054 αὐτὸς

131 2074 282 2126 ἔκρινεν
307 2074 407 2115 εἶναι
431 2076 634 2127 πρότερον.

192 2140 285 2181 ’Έτι
309 2143 438 2182 τοίνυν
458 2143 556 2192 ὑμᾶς
581 2142 728 2182 κάκεῖν’
749 2142 1012 2194 εὐλαβεῖσθαι
1037 2145 1108 2190 δεῖ,
1130 2144 1236 2185 ὅπως
1260 2146 1381 2194 μηδὲν
1407 2145 1460 2185 ὧν
1494 2152 1560 2196 136

71 2223 111 2253 30
131 2208 210 2261 ἰδίᾳ
245 2207 488 2260 φυλάξαισθ’
522 2208 583 2255 ἄν,
618 2212 733 2249 τοῦτο
770 2211 941 2264 δημοσίᾳ
973 2214 1178 2252 ποιοῦντες
1211 2209 1458 2262 φανήσεσθε.

1196 2277 1284 2291 Α),

130 2274 237 2324 ὑμῶν
253 2276 385 2315 τοίνυν
405 2275 484 2315 οὐδ’
501 2275 549 2315 ἂν
566 2276 620 2317 εἷς
639 2276 753 2317 οὐδὲν
769 2277 823 2317 ὧν
840 2278 918 2330 ἰδίᾳ
934 2277 1010 2317 τινὶ
1029 2279 1127 2327 δοίη,
1145 2293 1236 2317 τουτ
1267 2277 1460 2329 αφέλοιτο

173 2395 191 2421 4
217 2383 379 2425 ἐξαρκέσει
398 2383 422 2414 S
436 2384 461 2414 L
473 2383 504 2414 A
517 2383 546 2413 Y
560 2384 611 2415 O:
640 2384 819 2426 ἐξαρκέσειε
840 2384 865 2414 F
1033 2395 1055 2425 9
1079 2387 1114 2417 οὐ
1132 2385 1269 2418 δέδωκεν
1288 2385 1311 2417 S
1325 2385 1350 2415 L
1363 2385 1393 2416 Y
1406 2385 1458 2417 O:

129 2427 185 2458 οὐκ
203 2427 320 2458 ἔδωκεν
337 2427 425 2466 vulg.
562 2436 603 2466 23
628 2431 723 2460 τοῦτο
740 2430 818 2460 αὐτὸ
837 2428 872 2459 S¹
888 2428 918 2458 Y
932 2428 961 2460 O
976 2427 1014 2458 Ρ1
