1737 2734
93 853 131 875 10

86 1518 125 1540 20

83 1852 120 1884 25

158 125 281 181 xxm]
475 127 604 168 KAT’
649 130 1168 168 ΑΡΙΣΤΟΚΡΑΤΟΎΣ
1516 132 1636 186 [629]

153 237 226 286 μὲν
246 234 290 285 δὴ
310 238 448 275 τοῦτον
467 235 714 287 ἀνδροφόνον
733 235 857 287 λέγει,
878 234 947 275 τὸν
971 234 1160 275 ἑαλωκότ’
1180 234 1252 286 ἤδη
1273 240 1320 292 τῇ
1339 233 1481 290 ψήφῳ.

154 303 200 343 οὐ
236 301 312 354 γάρ
351 301 434 341 ἐστ’
473 301 599 344 οὐδεὶς
637 301 712 342 ὑπὸ
751 302 871 357 ταύτῃ
913 302 960 358 τῇ
1000 304 1262 355 προσηγορίᾳ,
1304 303 1394 353 πρὶν
1433 301 1483 342 ἂν
1515 305 1634 360 [630]

154 368 406 421 ἐξελεγχθεὶς
443 370 539 423 ἁλῷ.
610 372 684 408 ποῦ
721 372 834 408 τοῦτο
873 370 1006 418 δηλοῖ;
1058 368 1100 409 ἔν
1138 385 1179 408 τε
1217 372 1270 422 τῷ
1306 368 1482 423 προτέρῳ
1515 387 1560 420 30

153 436 259 489 νόμῳ
299 435 361 475 καὶ
398 436 535 489 τούτῳ.
607 436 649 474 ἐν
686 437 760 486 μὲν
798 436 874 487 γὰρ
913 436 1047 489 ἐκείνῳ
1086 434 1248 487 γράψας
1291 435 1387 475 ίε’άν
1425 452 1482 477 τις

439 501 511 552 τὴν
549 501 701 553 βουλὴν
739 500 908 551 δικάζειν
942 501 1065 548 εἶπεν,
1101 503 1144 542 ἐν
1180 504 1222 542 δὲ
1257 502 1381 556 τούτῳ
1414 506 1483 542 τὸν

384 502 405 515 Π

152 503 377 557 ἀποκτείνῃ,

152 569 399 620 ἀνδροφόνον
425 569 666 620 προσειπών,
686 569 710 608 ἃ
734 567 809 621 χρὴ
837 567 1010 621 πάσχειν
1037 570 1202 620 εἴρηκεν·
1241 569 1285 608 οὗ
1309 571 1382 619 μὲν
1406 571 1484 621 γὰρ

152 634 200 685 ἦν
236 637 342 675 αἰτία
377 635 422 675 τὸ
459 638 631 687 πρᾶγμα,
669 634 741 684 τὴν
778 636 908 686 κρίσιν
947 636 1113 686 εἴρηκεν,
1153 635 1196 675 οὗ
1235 635 1267 675 δ’
1305 636 1326 675 ὁ
1361 636 1481 678 ἁλοὺς

151 701 291 754 ἔνοχος
329 706 381 757 τῷ
425 701 675 755 προσρήματι
716 702 839 756 τούτῳ
883 701 1138 751 καθέστηκεν,
1178 701 1250 751 τὴν
1292 703 1481 754 τιμωρίαν

151 769 340 820 ἔγραψεν.
412 769 500 820 περὶ
531 770 603 819 μὲν
636 768 681 817 δὴ
715 773 793 808 τῶν
827 769 1061 808 ἑαλωκότων
1093 768 1140 808 ἂν
1172 768 1298 820 λέγοι.
1370 769 1481 821 λέγει

151 837 193 875 δὲ
227 836 283 882 τί,·
324 834 496 886 ’ἐξεῖναι
527 836 775 875 ἀποκτείνειν
809 835 871 874 καὶ
905 834 1101 886 ἇπάγειν.’
1164 834 1224 886 ἆρ’
1258 835 1308 876 ὡς
1340 837 1477 882 αὑτόν,·
1513 849 1550 883 31

150 898 173 951 ἢ
211 902 261 943 ὡς
298 902 346 942 ἂν
375 902 576 953 βούληταί
605 918 682 948 τις;
727 905 881 942 πολλοῦ
912 918 959 954 γε
994 902 1054 941 καὶ
1091 905 1161 942 δεῖ.
1234 903 1341 941 ἀλλὰ
1377 906 1477 947 πῶς;

152 971 160 985 ‘
179 968 229 1010 ὡς
250 970 292 1009 ἐν
311 973 363 1023 τῷ
384 967 455 1020 (os)
476 967 586 1019 ἄξονι
612 970 762 1020 εἴρηται
778 968 787 981 ’
816 970 955 1020 φησίν.
1026 972 1139 1008 τοῦτο
1165 967 1198 1008 δ’
1226 969 1338 1009 ἐστὶν
1363 970 1419 1015 τί;
1459 969 1478 1009 ὃ

149 1035 293 1076 πάντες
335 1035 549 1076 ἐπίστασθ’
588 1037 708 1085 ὑμεῖς.
781 1036 817 1075 οἱ
856 1034 1093 1085 θεσμοθέται
1130 1034 1221 1077 τοὺς
1263 1036 1327 1076 ἐπὶ
1367 1037 1477 1090 φόνῳ

149 1103 370 1154 φεύγοντας
405 1103 526 1154 κύριοι
558 1101 714 1156 θανάτῳ
750 1102 944 1153 ζημιῶσαί
974 1099 1094 1153 [εἰσι],
1128 1102 1190 1141 καὶ
1223 1102 1294 1142 τὸν
1329 1104 1371 1142 ἐκ
1409 1106 1477 1152 τῆς

148 1169 364 1219 ἐκκλησίας
396 1169 561 1221 πέρυσιν
595 1168 738 1209 πάντες
772 1167 909 1220 ἑωρᾶθ’
941 1168 1005 1208 ὑπ’
1041 1170 1198 1209 ἐκείνων
1232 1168 1474 1222 ἀπαχθέντα.

1532 1249 1549 1272 k)

1508 1249 1526 1283 ke)

148 1234 199 1277 ὡς
227 1236 386 1278 τούτους
415 1236 483 1275 οὖν
514 1235 682 1287 ἀπάγειν
712 1234 834 1287 λέγει.
910 1235 1089 1287 διαφέρει
1122 1237 1163 1275 δὲ
1193 1237 1235 1276 τί
1263 1239 1377 1276 τοῦτο
1407 1240 1476 1276 τοῦ

147 1301 199 1344 ὡς
222 1302 341 1342 αὑτὸν
365 1301 494 1354 ἄγειν,·
533 1303 593 1342 ὅτι
619 1303 640 1341 ὁ
662 1304 734 1352 μὲν
759 1301 936 1353 ἀπάγων,
963 1300 993 1342 ὦ
1018 1301 1156 1353 ἄνδρες
1181 1301 1397 1352 Ἀθηναῖοι,
1426 1303 1476 1344 ὡς

146 1368 236 1411 τοὺς
260 1368 517 1420 θεσμοθέτας,
544 1368 634 1410 τοὺς
658 1370 800 1419 νόμους
825 1369 977 1420 κυρίους
1003 1373 1110 1409 ποιεῖ
1131 1372 1199 1408 τοῦ
1225 1370 1472 1421 δεδρακότος,

146 1436 167 1474 6
202 1435 237 1476 δ’
269 1436 320 1477 ὡς
353 1435 471 1476 αὑτὸν
506 1435 614 1488 ἄγων
651 1436 802 1476 ἑαυτόν.
873 1435 960 1476 ἔστι
993 1435 1025 1476 δ’
1058 1436 1215 1477 ἐκείνως
1247 1435 1332 1487 μέν,
1369 1436 1420 1478 ὡς
1454 1438 1474 1476 ὁ

144 1503 262 1553 νόμος
286 1502 430 1548 τάττει,
458 1505 592 1542 δοῦναι
618 1503 740 1552 δίκην,
768 1503 865 1542 οὕτω
892 1501 946 1548 δέ,
975 1502 1026 1544 ὡς
1052 1503 1071 1541 ὁ
1095 1503 1238 1553 λαβὼν
1266 1503 1470 1553 βούλεται.

144 1573 337 1610 πλεῖστον
362 1571 403 1610 δὲ
431 1569 553 1619 δήπου
580 1569 759 1621 διαφέρει
783 1573 851 1609 τὸν
876 1570 997 1619 νόμον
1026 1570 1158 1621 κύριον
1185 1573 1255 1620 τῆς
1285 1572 1472 1622 τιμωρίας

144 1633 256 1686 ἢτὸν
282 1636 427 1690 ἐχθρὸν
453 1637 678 1689 γίγνεσθαι.
740 1639 749 1654 ‘
765 1637 1029 1686 λυμαίνεσθαι
1054 1636 1118 1676 δὲ’
1139 1638 1241 1688 φησὶ
1264 1636 1351 1686 ίμή,
1374 1640 1471 1687 μηδὲ

143 1703 338 1744 ἀποινᾶν.’
408 1707 529 1743 ταῦτα
562 1703 594 1743 δ’
621 1702 732 1743 ἐστὶν
765 1704 820 1748 τί,·
859 1702 903 1742 τὸ
935 1705 1009 1753 μὲν
1042 1702 1087 1753 δὴ
1120 1703 1173 1754 μὴ
1207 1705 1471 1754 λυμαίνεσθαι

141 1770 338 1822 γνώριμον
376 1770 448 1810 οἶδ’
483 1771 544 1810 ὅτι
581 1772 705 1810 πᾶσιν
741 1770 793 1820 μὴ
832 1773 1064 1822 μαστιγοῦν,
1105 1770 1157 1821 μὴ
1198 1774 1292 1816 δεῖν,
1332 1770 1383 1821 μὴ
1423 1772 1470 1810 τὸ,

142 1840 302 1877 τοιαῦτα
327 1840 453 1878 ποιεῖν
478 1836 602 1889 λέγει,
623 1836 668 1877 τὸ
694 1839 736 1877 δὲ
759 1836 848 1888 μηδ’
870 1837 1036 1877 ἀποινᾶν
1061 1836 1113 1887 μὴ
1139 1836 1322 1889 χρήματα
1346 1837 1466 1889 πράτ-

141 1905 294 1944 τεσθαι·
328 1905 376 1943 τὰ
399 1905 475 1956 γὰρ
500 1902 665 1956 χρήματ’
684 1902 813 1944 ἄποιν’
833 1903 1034 1954 ὠνόμαζον
1054 1905 1090 1943 οἱ
1117 1905 1291 1944 παλαιοί,
1354 1904 1374 1943 6
1397 1906 1470 1955 μὲν
1502 1917 1545 1951 34

142 1969 187 2020 δὴ
212 1971 332 2022 νόμος
356 1971 478 2012 οὕτως
503 1970 572 2010 τὸν
597 1971 845 2022 ἀνδροφόνον
877 1970 938 2010 καὶ
963 1969 1031 2010 τὸν
1061 1970 1250 2010 ἑαλωκότ’
1276 1971 1349 2021 ἤδη
1379 1972 1467 2010 διώ-
1502 1970 1609 2023 [631]

141 2054 253 2088 ρισεν
295 2037 346 2079 ὡς
385 2036 606 2077 κολαστέον
647 2038 709 2077 καὶ
747 2037 804 2083 οὗ,
847 2036 917 2087 τὴν
957 2040 1026 2077 τοῦ
1063 2038 1307 2079 πεπονθότος
1349 2038 1469 2078 εἰπὼν

1503 1653 1521 1686 02

1527 1653 1545 1686 ψ)

718 2102 836 2117 *xlyu
1159 2101 1173 2116 ἢ

142 2104 321 2155 πατρίδα,
350 2104 412 2144 καὶ
442 2104 530 2156 περὶ
559 2107 626 2143 τοῦ
658 2115 780 2154 μηδεν
816 2110 943 2144 αλλον
977 2104 1122 2155 τρόπον
1155 2121 1178 2154 η
1211 2108 1349 2144 τοῦτον
1380 2104 1468 2156 μηδ’

183 2224 202 2251 4
228 2215 261 2245 ἐν
277 2219 357 2244 ante
373 2213 480 2253 τούτῳ
497 2213 572 2244 add.
590 2213 679 2251 vulg.
697 2223 704 2242 t
729 2222 795 2243 om.
816 2212 839 2243 S
852 2213 883 2242 A
895 2212 924 2242 Y
938 2212 968 2242 O
1086 2222 1123 2242 12
1149 2213 1178 2244 α’
1193 2219 1270 2243 ante
1289 2215 1374 2253 ἄξονι
1391 2214 1465 2243 add.

141 2256 257 2295 Cobet,
277 2257 317 2287 cs.
340 2260 355 2294 ξ
375 2257 417 2286 28
575 2266 611 2294 14
638 2258 699 2288 εἶσι
716 2256 796 2286 secl.
817 2256 914 2286 Blass
1064 2266 1106 2286 20
1129 2256 1260 2296 τάττει]
1278 2256 1412 2295 πράττει
1432 2257 1466 2294 F,

142 2301 232 2330 unde
264 2300 463 2341 προστάττει
496 2299 614 2338 Cobet,
650 2300 710 2330 sed
739 2299 782 2330 cs.
817 2310 862 2329 xx
898 2308 970 2337 143,
1003 2299 1118 2329 xxxvii
1151 2309 1193 2338 59
1360 2309 1401 2337 25
1425 2301 1468 2339 μὴ

142 2344 261 2374 codd:
293 2343 375 2382 μηδὲ
391 2343 511 2373 Theon
531 2343 692 2382 Progym.
713 2342 780 2373 Rh.
799 2342 858 2373 Gr.
879 2343 887 2372 i
909 2343 970 2372 186
1113 2344 1154 2372 26
1185 2344 1227 2375 τὰ
1246 2343 1310 2384 ’γὰρ
1327 2344 1467 2384 χρήματ’

142 2388 257 2419 ἄποινα.
281 2386 411 2417 Reiske
437 2398 479 2417 ex
504 2386 645 2417 Theone
671 2387 690 2416 l.
706 2396 756 2416 c.:
789 2387 831 2417 τὰ
853 2387 917 2427 γὰρ
941 2387 1055 2418 ἄποινα
1078 2386 1231 2427 χρήματα
1255 2387 1350 2417 codd.
1371 2398 1378 2416 ε
1402 2386 1468 2417 del.

143 2430 299 2461 Dobree:
326 2432 441 2463 ἄποινα
456 2431 519 2471 ’γὰρ
535 2431 576 2462 τὰ
593 2431 745 2471 χρήματα
762 2429 871 2460 Cobet
