1737 2734
105 562 121 592 (lv

86 894 122 916 10

86 1227 120 1258 15

80 1897 116 1927 25

146 168 234 224 xx1]
569 173 727 210 ΚΑΤΑ
779 172 1053 210 ΜΕΙΔΙΟΎ
1509 168 1620 223 [528]

143 293 203 318 τις
244 275 368 331 λάβῃ,
407 277 480 330 βίᾳ
516 278 557 317 δὲ
600 275 703 316 τοῦτ’
741 274 956 328 ἀφέληται,
995 274 1039 315 τὸ
1075 276 1168 315 ἴσον
1209 277 1262 328 τῷ
1299 275 1476 328 δημοσίῳ

146 345 367 394 προστιμᾶν
404 345 441 383 οἱ
478 344 592 394 νόμοι
629 343 862 383 κελεύουσιν
899 344 998 383 ὅσον
1035 359 1107 393 περ
1148 341 1194 391 δὴ
1231 344 1284 395 τῷ
1323 341 1475 397 ἰδιώτῃ;

143 411 203 450 ὅτι
237 409 353 450 πάνθ’
381 410 460 450 ὅσα
495 427 554 451 τις
584 410 823 461 βιαζόμενος
848 408 1009 461 πράττει
1044 408 1139 448 κοίν’
1165 407 1385 459 ἀδικήματα
1415 408 1478 448 καὶ
1507 421 1550 457 45

144 478 241 516 κατὰ
276 481 354 516 τῶν
391 475 465 527 ἔξω
502 481 570 516 τοῦ
606 476 835 529 πράγματος
872 478 996 516 ὄντων
1032 475 1158 527 ἡγεῖθ’
1192 476 1212 514 ὁ
1249 474 1476 525 νομοθέτης·

142 543 213 593 τὴν
242 545 314 594 μὲν
344 545 419 594 γὰρ
447 544 566 597 ἰσχὺν
596 544 756 595 ὀλίγων,
783 543 872 585 τοὺς
906 545 946 583 δὲ
980 543 1123 593 νόμους
1152 541 1338 582 ἁπάντων
1363 541 1475 588 εἶναι,

143 610 207 650 καὶ
243 610 312 650 τὸν
348 612 420 660 μὲν
458 610 659 651 πεισθέντ’
698 611 810 656 ἰδίας,
845 613 914 650 τόν
947 612 988 650 δὲ
1025 608 1248 660 βιασθέντα
1285 609 1477 659 δημοσίας

143 679 299 717 δεῖσθαι
334 678 536 727 βοηθείας.
609 678 744 729 διόπερ
779 677 841 716 καὶ
879 678 947 726 τῆς
976 677 1130 728 ὕβρεως
1162 675 1281 725 αὐτῆς
1312 677 1382 718 τὰς
1405 678 1477 726 μὲν

143 745 302 795 γραφὰς
336 743 480 784 ἔδωκεν
514 744 659 784 ἅπαντι
692 748 744 798 τῷ
778 742 1027 797 βουλομένῳ,
1053 743 1098 783 τὸ
1132 745 1173 783 δὲ
1203 742 1336 793 τίμημ’
1365 744 1472 782 ἐποί-

143 827 241 860 ησεν
270 811 367 851 ὅλον
397 812 603 861 δημόσιον·
641 810 713 860 τὴν
742 812 817 863 γὰρ
847 810 966 850 πόλιν
995 809 1119 861 ἡγεῖτ’
1145 810 1305 855 ἀδικεῖν,
1334 809 1378 848 οὐ
1407 813 1474 849 τόι·

143 877 321 917 παθόντα
345 878 478 928 μόνον,
502 878 570 918 τὸν
594 878 769 929 ὑβρίζειν
795 878 1082 930 ἐπιχειροῦντα,
1112 877 1174 916 καὶ
1199 877 1311 926 δίκην
1338 876 1474 926 ἱκανὴν
1507 876 1621 930 [529]

142 944 213 993 τὴν
249 946 438 996 τιμωρίαν
475 944 575 985 εἶναι
610 948 663 998 τῷ
697 944 874 989 παθόντι,
905 942 1088 996 χρήματα
1118 943 1151 983 δ’
1184 942 1230 982 οὐ
1258 942 1475 994 προσήκειν

143 1014 221 1050 τῶν
245 1011 434 1051 τοιούτων
460 1010 524 1063 ἐφ’
551 1013 673 1066 ἑαυτῷ
699 1010 936 1062 λαμβάνειν.
1010 1011 1073 1050 καὶ
1097 1010 1270 1066 τοσαύτῃ
1297 1009 1334 1062 γ’
1361 1009 1474 1062 ἐχρή-
1507 1017 1552 1057 46

143 1077 234 1117 σαθ’
271 1079 492 1134 ὑπερβολῇ,
527 1079 633 1118 ὥστε
670 1077 742 1118 κᾶν
778 1079 833 1120 εἰς
869 1081 1010 1118 δοῦλον
1046 1077 1188 1132 ὑβρίζῃ
1224 1093 1295 1123 τις,
1334 1077 1477 1127 ὁμοίως

142 1144 288 1185 ἔδωκεν
311 1146 409 1197 ὑπὲρ
435 1145 573 1185 τούτου
598 1144 769 1197 γραφήν.
832 1144 877 1184 οὐ
900 1146 977 1197 γὰρ
1002 1144 1114 1186 ὅστις
1138 1145 1158 1183 ὁ
1185 1143 1357 1197 πάσχων
1382 1143 1476 1198 ᾤετο

142 1213 225 1251 δεῖν
261 1215 441 1257 σκοπεῖν,
481 1212 588 1251 ἀλλὰ
624 1211 669 1251 τὸ
705 1211 852 1263 πρᾶγμ’
889 1211 1027 1252 ὁποῖόν
1069 1227 1106 1251 τι
1142 1210 1186 1250 τὸ
1223 1211 1472 1263 γιγνόμενον·

141 1277 275 1328 ἐπειδὴ
302 1277 335 1318 δ’
362 1278 472 1331 εὗρεν
499 1278 567 1318 οὐκ
593 1277 827 1328 ἐπιτήδειον,
854 1277 951 1330 μήτε
978 1281 1074 1330 πρὸς
1099 1280 1242 1318 δοῦλον
1260 1276 1352 1328 μήθ’
1373 1279 1477 1319 ὅλως

142 1344 289 1395 ἐξεῖναι
325 1344 511 1396 πράττειν
548 1345 783 1398 ἐπέτρεψεν.
854 1345 899 1384 οὐ
932 1346 1008 1397 γὰρ
1037 1344 1162 1390 ἔστιν,
1194 1345 1263 1385 οὐκ
1297 1344 1420 1394 ἔστιν,
1446 1342 1476 1384 ὦ

141 1412 280 1463 ἄνδρες
306 1411 523 1462 Ἀθηναῖοι,
551 1416 630 1452 τῶν
659 1412 819 1452 πάντων
844 1412 958 1452 οὐδὲν
988 1413 1141 1463 ὕβρεως
1166 1412 1473 1463 ἀφορητότερον,

140 1477 219 1518 οὐδ’
245 1477 311 1530 ἐφ’
338 1480 414 1533 ὅτῳ
443 1481 602 1529 μᾶλλον
627 1480 718 1529 ὑμῖν
742 1479 970 1532 ὀργίζεσθαι
999 1477 1204 1530 προσήκει.
1276 1478 1476 1530 ἀνάγνωθι

81 1559 120 1581 20
140 1545 173 1585 δ’
198 1544 317 1585 αὐτόν
349 1562 416 1596 μοι
441 1546 584 1596 λαβὼν
615 1545 684 1586 τὸν
709 1548 779 1596 τῆς
804 1547 958 1598 ὕβρεως
982 1546 1116 1596 νόμον·
1155 1545 1268 1586 οὐδὲν
1292 1547 1368 1597 γὰρ
1392 1546 1475 1585 οἷον

139 1612 296 1652 ἀκούειν
319 1613 438 1653 αὐτοῦ
462 1616 531 1652 τοῦ
556 1613 689 1663 νόμου.

728 1715 885 1743 ΝΟΜΟΣ.

192 1770 280 1810 Ἐάν
309 1788 362 1811 τις
390 1772 526 1821 ὑβρίζῃ
560 1772 609 1812 ε’ίς
639 1789 730 1813 τινα,
763 1771 786 1821 ἢ
816 1772 929 1810 παῖδα
958 1771 981 1820 ἦ
1010 1774 1165 1823 γυναῖκα
1193 1771 1217 1821 ἦ
1248 1772 1372 1821 ἄνδρα,
1403 1774 1474 1810 τῶν
1503 1779 1546 1813 47

137 1825 337 1875 ἐλευθέρων
356 1825 379 1875 ἢ
399 1829 471 1864 τῶν
491 1826 643 1870 δούλων,
661 1826 684 1875 ἢ
704 1827 920 1876 παράνομόν
940 1843 975 1864 τι
994 1827 1135 1877 ποιήσῃ
1157 1829 1206 1866 εἷς
1221 1828 1359 1865 τούτων
1378 1828 1470 1871 τινά,

136 1880 345 1947 γραφέσθω
371 1881 463 1929 πρὸς
493 1881 576 1920 τοὺς
608 1881 836 1930 θεσμοθέτας
868 1883 887 1919 ὁ
921 1881 1155 1930 βουλόμενος
1185 1880 1388 1948 Ἀθηναίων
1419 1880 1472 1921 οἷς

136 1934 289 1978 ἔξεστιν
312 1937 346 1972 οἱ
373 1934 411 1972 δὲ
440 1935 665 1984 θεσμοθέται
685 1936 912 1987 εἰσαγόντων
941 1938 989 1975 εἷς
1015 1935 1083 1983 τὴν
1109 1936 1258 1984 ἡλιαίαν
1277 1952 1471 1985 τριακοντα

135 1989 279 2038 ἡμερῶν
307 1988 372 2037 ἀφ’
391 1988 434 2037 ἧς
460 1989 504 2027 ἂν
530 1991 672 2056 γράφῃ,
696 1991 758 2028 ἐὰν
784 1990 836 2039 μή
863 2007 898 2027 τι
925 1989 1108 2039 δημόσιον
1133 1991 1268 2040 κωλύῃ,
1291 1992 1321 2027 εἰ
1348 1990 1387 2028 δὲ
1406 1990 1469 2039 μή,

135 2043 223 2081 ὅταν
243 2041 267 2093 ᾖ
286 2046 430 2092 πρῶτον
446 2042 523 2081 οιόν
540 2061 590 2081 τε.
636 2045 722 2082 ὅτου
738 2043 800 2081 δ’
782 2049 827 2082 (ἰν
847 2061 1017 2096 καταγνῳ
1033 2045 1056 2093 ἡ
1072 2045 1211 2093 ἡλιαία,
1231 2045 1372 2094 τιμάτω
1387 2045 1471 2093 περὶ

135 2099 246 2134 αἰτοῦ
265 2100 502 2148 παραχρῆμα,
526 2099 612 2136 ὅτου
639 2099 684 2136 ἂν
712 2098 803 2149 δοκῇ
825 2098 924 2142 ἄξιος
949 2098 1039 2136 εἶναι
1066 2097 1236 2137 παθεῖν
1217 2116 1240 2147 η
1262 2100 1469 2136 ἀποτεῖσαι.

179 2210 197 2229 2
222 2200 260 2238 δη
279 2200 373 2231 Sala
398 2200 498 2232 12qu
523 2211 588 2231 om.
606 2201 630 2230 F
721 2201 848 2243 ἰδιώτῃ]
869 2200 978 2233 ἑλόντι
997 2202 1105 2232 Cobet
1123 2202 1199 2233 coll.
1216 2202 1384 2241 Harpoer.
1399 2212 1465 2233 s.v.

135 2243 249 2279 βιαίων
399 2254 434 2282 17
461 2244 636 2285 ἐπέτρεψεν
656 2244 679 2274 S
693 2244 722 2274 Y
736 2245 766 2275 O
780 2245 806 2274 Ρ
821 2256 827 2274 2
853 2245 1031 2285 ἐπέτρεπεν
1049 2245 1076 2276 Β
1095 2255 1199 2284 marg.
1219 2258 1223 2275 z
1253 2245 1407 2286 ἐπέταξεν
1424 2246 1466 2276 al.

136 2295 180 2315 20
203 2287 317 2323 λαβὼν
334 2297 398 2318 om.
420 2287 487 2318 SA
500 2287 530 2318 O
544 2288 571 2317 P
704 2298 745 2327 23
770 2287 880 2330 ὑβρίζῃ
899 2289 996 2319 codd.
1017 2299 1084 2319 uno
1103 2294 1260 2328 excepto,
1281 2289 1323 2320 cf.
1348 2291 1418 2327 §46
1436 2295 1470 2320 et

134 2328 377 2361 Aesch.T1'.m
409 2340 470 2370 15:
501 2332 617 2373 ὑβρίσῃ
644 2331 808 2362 Schaeler
978 2341 1018 2370 27
1049 2335 1187 2374 ’γραφῇ
1201 2343 1246 2363 sc.
1275 2335 1291 2364 ὁ
1316 2332 1468 2374 ὑβριζων)

138 2372 331 2402 nonnulli‘
349 2375 438 2412 apud
456 2374 707 2413 Taylorum:41
726 2375 835 2416 γραφή
861 2375 959 2406 codd.
980 2374 1084 2418 ,(ᾗ)
1108 2377 1128 2414 ὴ
1152 2376 1262 2417 γραφή
1290 2376 1468 2407 Markland

135 2415 178 2444 28
202 2420 351 2457 καταγνῷ
369 2427 472 2457 marg
495 2418 671 2448 Lambini:
697 2422 886 2458 καταγνῶτε
905 2400 1002 2449 codd
1097 2420 1116 2457 ἡ
1134 2429 1200 2450 om.
1223 2418 1259 2450 S¹
1272 2419 1303 2449 Y
1316 2419 1346 2450 O
1362 2419 1387 2450 P

1299 2474 1337 2505 5*
