1737 2734
183 141 300 196 xxxv]
520 146 677 184 ΚΑΤΑ
725 145 1179 184 ΤΙΜΟΚΡΑΤΟΎΣ
1548 143 1661 198 [705]

250 249 452 299 Βούλομαι
475 249 521 299 δὴ
547 251 663 302 μικρὰ
690 248 904 300 διεξελθὼν
932 249 1020 302 περὶ
1044 253 1122 289 τῶν
1154 248 1344 300 κειμένων
1369 249 1513 299 νόμων,
1551 264 1590 298 17

183 315 265 355 καθ’
285 316 350 358 οὕς
369 317 473 356 εἰσιν
493 318 532 357 αἱ
551 316 696 357 τοιαίδε
718 317 882 369 γραφαί,
905 316 993 367 περὶ
1015 315 1133 356 αὐτοῦ
1151 318 1221 356 τοῦ
1239 316 1361 366 νόμου
1378 314 1516 368 λέγειν

181 382 226 422 ὃν
250 381 487 435 γέγραμμαι·
531 382 754 435 γενήσεσθε
780 384 854 434 γὰρ
891 382 1175 434 εὐμαθέστεροι
1200 382 1296 434 πρὸς
1320 384 1369 423 τὸ,
1393 383 1515 423 λοιπὰ

180 452 299 488 ταῦτα
330 450 662 500 προακούσαντες.
737 450 860 496 ἔστιν,
889 447 918 489 ὦ
949 449 1087 501 ἄνδρες
1114 448 1329 499 Ἀθηναῖοι,
1357 451 1400 490 ἐν
1432 453 1515 491 τοῖς

141 533 156 563 5
179 515 268 555 οὖσι
311 516 445 565 νόμοις
480 516 572 566 ἡμῖν
611 517 755 568 κυρίοις
795 515 1022 568 διωρισμέν’
1060 517 1235 568 ἀκριβῶς
1272 516 1335 556 καὶ
1372 520 1514 569 σαφῶς

181 581 296 622 πάνθ’
316 583 394 622 ὅσα
419 585 479 622 δεῖ
496 587 623 623 ποιεῖν
644 583 732 634 περὶ
753 587 832 623 τῶν
852 584 1086 633 μελλόντων
1107 581 1350 633 τεθήσεσθαι
1369 583 1511 634 νόμων.

181 648 243 688 καὶ
276 653 431 700 πρῶτον
467 651 539 700 μὲν
573 649 758 690 ἁπάντων
794 651 937 703 χρόνος
969 651 1057 690 ἐστὶ
1092 649 1377 702 γεγραμμένος,
1410 651 1453 690 ἐν
1491 648 1520 705 ᾧ
1546 655 1588 689 18

179 714 372 767 προσήκει
407 718 650 766 νομοθετεῖν·
695 716 765 756 εἶτ’
805 717 893 757 οὐδὲ
931 716 1014 756 τόθ’
1053 716 1104 758 ὡς
1140 716 1189 757 ἂν
1226 716 1380 771 ἑκάστῳ
1417 719 1513 774 δοκῇ

178 781 320 822 δέδωκε
339 786 453 822 τοῦτο
472 782 671 835 πράττειν,
693 784 800 823 ἀλλὰ
820 782 1059 836 προστάττει
1077 787 1232 836 πρῶτον
1250 785 1323 834 μὲν
1341 785 1513 824 ἐκθεῖναι

178 849 355 900 πρόσθεν
384 853 463 889 τῶν
493 850 708 900 ἐπωνύμων
741 849 955 902 γράψαντα
986 854 1154 891 σκοπεῖν
1180 854 1233 905 τῷ
1258 850 1509 905 βουλομένῳ,

175 917 274 965 μετὰ
297 915 404 956 ταῦτ’
431 917 494 956 ε’πὶ
519 919 620 957 πᾶσι
643 916 712 957 τὸν
748 916 866 958 αὐτὸν
893 918 1015 967 νόμον
1040 916 1191 958 τιθέναι
1218 917 1381 963 κελεύει,
1413 917 1511 969 πρὸς

176 983 328 1024 τούτοις
353 983 462 1024 λύειν
488 982 579 1025 τοὺς
599 985 812 1030 ἐναντίους,
836 983 944 1024 ἄλλα
970 985 1059 1035 περὶ
1084 985 1139 1025 ὧν
1164 983 1278 1024 οὐδὲν
1298 986 1395 1025 ἴσως
1411 983 1509 1035 ὑμᾶς

177 1050 400 1102 κατεπείγει
431 1050 500 1091 νῦν
525 1050 703 1092 ἀκοῦσαι.
777 1050 826 1091 ἂν
854 1050 896 1091 δέ
922 1067 980 1092 τις
1012 1051 1161 1092 τούτων
1187 1051 1229 1091 ἓν
1254 1055 1428 1108 παραβῇ,
1455 1055 1508 1106 τῷ

175 1116 410 1171 βουλομένῳ
449 1117 589 1157 δίδωσι
624 1117 869 1170 γράφεσθαι.
944 1119 978 1158 εἷ
1015 1119 1088 1169 μὲν
1126 1118 1192 1158 οὖν
1225 1117 1277 1168 μὴ
1312 1120 1436 1158 πᾶσιν
1461 1116 1508 1168 ἧν
1544 1130 1586 1164 19

140 1200 151 1206 ·
175 1184 315 1237 ἔνοχος
333 1185 486 1226 τούτοις
501 1184 762 1236 Τιμοκράτης,
785 1185 847 1225 καὶ
866 1186 972 1236 παρὰ
990 1183 1118 1225 πάντα
1138 1184 1244 1225 ταῦτ’
1261 1185 1509 1238 εἰσενηνόχει

174 1250 242 1290 τὸν
267 1251 401 1301 νόμον,
424 1251 466 1292 ἓν
492 1251 540 1292 ἂν
560 1251 677 1292 αὐτοῦ
697 1268 755 1293 τις
785 1253 955 1291 ἐποιεῖτο
984 1253 1246 1303 κατηγόρημα,
1268 1252 1338 1290 ὅτι
1363 1250 1507 1301 δήποτε

174 1316 277 1359 τοῦτ’
302 1316 362 1367 ἦν·
400 1318 468 1359 νῦν
493 1318 526 1358 δ’
553 1318 702 1370 ἀνάγκη
730 1317 817 1357 καθ’
846 1318 1031 1364 ἕκαστον,
1069 1318 1189 1371 χωρὶς
1224 1317 1311 1369 περὶ
1338 1317 1506 1357 ἑκάστου

173 1385 415 1435 διελόμενον,
437 1384 586 1436 λέγειν.
649 1389 803 1436 πρῶτον
824 1387 897 1436 μὲν
917 1384 998 1430 οὖν,
1022 1385 1120 1436 ὅπερ
1145 1384 1310 1435 ἠδίκησε
1336 1388 1504 1436 πρῶτον,
1538 1382 1657 1437 [706]

171 1450 273 1492 τοῦτ’
298 1452 387 1503 ε’ρῶ,
415 1451 467 1493 ὡς
491 1453 595 1504 παρὰ
622 1451 772 1493 πάντας
793 1451 882 1492 τοὺς
902 1451 1046 1501 νόμους
1068 1450 1304 1502 ἐνομοθέτει,
1327 1450 1411 1490 εἶτα
1428 1454 1507 1491 τῶν

114 1535 125 1555 2
170 1517 308 1559 ἄλλων
333 1516 423 1569 ἑξῆς
447 1519 470 1558 ὅ
494 1535 530 1559 τι
554 1518 602 1559 ἂν
635 1517 898 1569 βουλομένοις
932 1517 1022 1568 ὑμῖν
1054 1518 1211 1558 ἀκούειν
1243 1515 1280 1573 ᾖ.
1354 1518 1419 1557 καί
1439 1534 1506 1568 μοι

168 1586 274 1635 λαβὲ
303 1586 488 1626 τουτουσὶ
520 1585 610 1627 τοὺς
641 1586 782 1635 νόμους
813 1584 875 1625 καὶ
909 1585 1120 1637 ἀνάγνωθι·
1178 1583 1402 1637 φανήσεται
1431 1585 1505 1636 γὰρ

168 1651 317 1692 τούτων
343 1652 458 1693 οὐδὲν
483 1652 718 1702 πεποιηκώς.
791 1650 1020 1705 προσέχετ’,
1049 1651 1186 1703 ἄνδρες
1213 1652 1409 1697 δικασταί,
1436 1649 1505 1691 τὸν

168 1721 260 1759 νοῦν
285 1718 700 1771 ἀναγιγνωσκομένοις
725 1721 806 1760 τοῖς
833 1719 978 1768 νόμοις.

573 1873 896 1901 EI'IIXEIPOTONIA
929 1873 1088 1900 ΝΟΜΩΝ.

218 1956 303 1995 Ἐπὶ
337 1958 375 1996 δὲ
409 1960 473 2007 τῆς
507 1959 653 2007 πρώτης
687 1958 904 2007 πρυτανείας
939 1958 988 2008 τῇ
1024 1957 1194 2007 ἑνδεκάτῃ
1229 1959 1267 1994 ἐν
1300 1959 1350 2007 τῷ
1382 1957 1496 2009 δήμῳ,
1528 1981 1574 2005 20

164 2012 309 2050 ἐπειδὰν
330 2013 476 2061 εὔξηται
493 2014 512 2050 ὁ
534 2013 657 2061 κῆρυξ,
676 2013 963 2063 ἐπιχειροτονίαν
979 2014 1096 2050 ποιεῖν
1115 2014 1186 2049 τῶν
1206 2012 1336 2060 νόμων,
1353 2015 1497 2061 πρῶτον

161 2068 229 2115 μὲν
247 2066 331 2116 περὶ
351 2070 421 2105 τῶν
441 2068 703 2115 βουλευτικῶν,
718 2067 885 2115 δεύτερον
906 2066 944 2104 δὲ
964 2069 1035 2104 τῶν
1056 2068 1195 2110 κοινῶν,
1213 2065 1290 2103 εἶτα
1309 2065 1343 2103 οἳ
1363 2068 1497 2104 κεῖνται

161 2123 237 2160 τοῖς
267 2121 368 2158 ἐννέα
398 2122 588 2172 ἄρχουσιν,
618 2121 695 2159 εἶτα
723 2124 794 2159 τῶν
825 2122 952 2158 ἄλλων
983 2122 1117 2172 ἀρχῶν.
1177 2121 1200 2169 ἡ
1225 2119 1263 2157 δὲ
1291 2121 1497 2170 χειροτονία

162 2175 257 2212 ἔστω
287 2176 310 2223 ἡ
339 2176 509 2224 προτέρα,
531 2176 603 2226 ὅτῳ
633 2175 806 2213 δοκοῦσιν
835 2177 959 2224 ἀρκεῖν
989 2177 1023 2212 οἱ
1051 2175 1157 2224 νόμοι
1187 2176 1221 2211 οἱ
1246 2174 1494 2222 βουλευτικοί,

208 2289 220 2308 ῐ
248 2278 303 2319 δὴ]
323 2278 357 2310 δὲ
375 2277 405 2308 Α
553 2288 569 2317 7
597 2277 858 2319 ἐγγεγραμμένος
877 2277 902 2308 F
916 2278 940 2308 L
959 2288 1044 2308 corr.
1205 2287 1240 2316 17
1266 2278 1335 2318 περὶ
1355 2278 1494 2310 ἑκάστου

160 2321 241 2352 secl.
260 2322 368 2352 Cobet
531 2331 572 2351 22
597 2321 619 2353 ὦ
640 2327 718 2352 ante
737 2323 846 2362 ἄνδρες
864 2322 938 2352 add.
959 2321 1048 2360 vulg.
1064 2332 1070 2352 :
1098 2331 1162 2351 om.
1184 2321 1207 2352 S
1222 2320 1330 2351 LAO
1452 2331 1492 2359 27

160 2366 232 2405 περὶ
249 2364 328 2395 secl.
350 2364 487 2395 Schoell
667 2366 736 2405 περὶ
755 2370 835 2394 ante
853 2368 917 2396 τῶν
935 2368 1048 2396 κοινῶν
1065 2364 1139 2394 add.
1159 2363 1190 2394 A
1391 2365 1431 2394 28
1457 2364 1491 2396 δὲ

161 2409 344 2448 χειροτονία
363 2407 386 2438 S
401 2408 426 2438 L
441 2419 448 2438 τ
474 2406 501 2439 δ’
521 2409 758 2449 ἐπιχειροτονία
776 2414 854 2438 cett.
