<?xml version="1.0" encoding="UTF-8"?>
<!DOCTYPE html PUBLIC "-//W3C//DTD XHTML 1.0 Transitional//EN"
    "http://www.w3.org/TR/xhtml1/DTD/xhtml1-transitional.dtd">
<html xmlns="http://www.w3.org/1999/xhtml" xml:lang="en" lang="en">
 <head>
  <title>
</title>
<meta http-equiv="Content-Type" content="text/html;charset=utf-8" />
  <meta name='ocr-system' content='tesseract 3.04.00' />
  <meta name='ocr-capabilities' content='ocr_page ocr_carea ocr_par ocr_line ocrx_word'/>
</head>
<body>
  <div class='ocr_page' id='page_1' title='image "./p1orationesrecog02demouoft_0080.png"; bbox 0 0 1737 2734; ppageno 0'>
   <div class='ocr_carea' id='block_1_1' title="bbox 116 157 224 210">
    <p class='ocr_par' dir='ltr' id='par_1_1' title="bbox 116 157 224 210">
     <span class='ocr_line' id='line_1_1' title="bbox 116 157 224 210; baseline -0.009 0"><span class='ocrx_word' id='word_1_1' title='bbox 116 157 224 210; x_wconf 62' lang='lat'>1525]</span> 
     </span>
    </p>
   </div>
   <div class='ocr_carea' id='block_1_2' title="bbox 186 740 225 774">
    <p class='ocr_par' dir='ltr' id='par_1_2' title="bbox 186 740 225 774">
     <span class='ocr_line' id='line_1_2' title="bbox 186 740 225 774; baseline 0 0"><span class='ocrx_word' id='word_1_2' title='bbox 186 740 225 774; x_wconf 79' lang='lat'>35</span> 
     </span>
    </p>
   </div>
   <div class='ocr_carea' id='block_1_3' title="bbox 119 1792 233 1846">
    <p class='ocr_par' dir='ltr' id='par_1_3' title="bbox 119 1792 233 1846">
     <span class='ocr_line' id='line_1_3' title="bbox 119 1792 233 1846; baseline 0.009 -1"><span class='ocrx_word' id='word_1_3' title='bbox 119 1792 233 1846; x_wconf 56' lang='lat'><strong>{526}</strong></span> 
     </span>
    </p>
   </div>
   <div class='ocr_carea' id='block_1_4' title="bbox 678 153 1579 207">
    <p class='ocr_par' dir='ltr' id='par_1_4' title="bbox 678 153 1579 207">
     <span class='ocr_line' id='line_1_4' title="bbox 678 153 1579 207; baseline 0.002 -13"><span class='ocrx_word' id='word_1_4' title='bbox 678 157 1164 196; x_wconf 73' lang='grc' dir='ltr'>ΔΗΜΟΣΘΕΝΟΤΣ</span> <span class='ocrx_word' id='word_1_5' title='bbox 1491 153 1579 207; x_wconf 76' lang='lat' dir='ltr'>[xxx</span> 
     </span>
    </p>
   </div>
   <div class='ocr_carea' id='block_1_5' title="bbox 792 260 963 273">
    <p class='ocr_par' dir='ltr' id='par_1_5' title="bbox 792 260 963 273">
     <span class='ocr_line' id='line_1_5' title="bbox 792 260 963 273; baseline -0.006 0"><span class='ocrx_word' id='word_1_6' title='bbox 792 260 800 273; x_wconf 67' lang='grc' dir='ltr'>ἱ</span> <span class='ocrx_word' id='word_1_7' title='bbox 847 261 864 273; x_wconf 64' lang='lat'>9!</span> <span class='ocrx_word' id='word_1_8' title='bbox 897 260 905 273; x_wconf 60' lang='lat' dir='ltr'><strong>t</strong></span> <span class='ocrx_word' id='word_1_9' title='bbox 955 261 963 272; x_wconf 66' lang='grc' dir='ltr'>Ἰ</span> 
     </span>
    </p>
   </div>
   <div class='ocr_carea' id='block_1_6' title="bbox 257 259 1649 2363">
    <p class='ocr_par' dir='ltr' id='par_1_6' title="bbox 257 259 1646 1310">
     <span class='ocr_line' id='line_1_6' title="bbox 259 259 1579 313; baseline 0.001 -13"><span class='ocrx_word' id='word_1_10' title='bbox 259 261 480 311; x_wconf 76' lang='grc' dir='ltr'>ἱερομηνίας</span> <span class='ocrx_word' id='word_1_11' title='bbox 522 260 643 310; x_wconf 80' lang='grc' dir='ltr'>οὔσης</span> <span class='ocrx_word' id='word_1_12' title='bbox 686 259 789 300; x_wconf 84' lang='grc' dir='ltr'>πάνθ</span> <span class='ocrx_word' id='word_1_13' title='bbox 843 278 893 299; x_wconf 72' lang='lat' dir='ltr'>mr</span> <span class='ocrx_word' id='word_1_14' title='bbox 943 261 1125 311; x_wconf 65' lang='grc' dir='ltr'>ηδίκηκεν</span> <span class='ocrx_word' id='word_1_15' title='bbox 1165 262 1338 313; x_wconf 80' lang='grc' dir='ltr'>ὑβρίσας</span> <span class='ocrx_word' id='word_1_16' title='bbox 1380 263 1579 313; x_wconf 85' lang='grc' dir='ltr'>φαίνεται,</span> 
     </span>
     <span class='ocr_line' id='line_1_7' title="bbox 257 327 1582 380; baseline 0.002 -14"><span class='ocrx_word' id='word_1_17' title='bbox 257 329 450 376; x_wconf 77' lang='grc' dir='ltr'>δημοσίας</span> <span class='ocrx_word' id='word_1_18' title='bbox 480 328 599 378; x_wconf 82' lang='grc' dir='ltr'>ὀργῆς</span> <span class='ocrx_word' id='word_1_19' title='bbox 633 328 695 366; x_wconf 87' lang='grc' dir='ltr'>καὶ</span> <span class='ocrx_word' id='word_1_20' title='bbox 726 329 912 378; x_wconf 83' lang='grc' dir='ltr'>τιμωρίας</span> <span class='ocrx_word' id='word_1_21' title='bbox 945 328 1091 368; x_wconf 87' lang='grc' dir='ltr'>δίκαιός</span> <span class='ocrx_word' id='word_1_22' title='bbox 1124 329 1212 368; x_wconf 88' lang='grc' dir='ltr'>ἐστι</span> <span class='ocrx_word' id='word_1_23' title='bbox 1239 327 1463 380; x_wconf 82' lang='grc' dir='ltr'>τυγχάνειν·</span> <span class='ocrx_word' id='word_1_24' title='bbox 1503 327 1582 378; x_wconf 75' lang='grc' dir='ltr'>ἅμα</span> 
     </span>
     <span class='ocr_line' id='line_1_8' title="bbox 257 392 1582 447; baseline 0.001 -15"><span class='ocrx_word' id='word_1_25' title='bbox 257 395 331 445; x_wconf 80' lang='grc' dir='ltr'>γὰρ</span> <span class='ocrx_word' id='word_1_26' title='bbox 360 397 412 447; x_wconf 76' lang='grc' dir='ltr'>τῷ</span> <span class='ocrx_word' id='word_1_27' title='bbox 445 392 696 443; x_wconf 80' lang='grc' dir='ltr'>Δημοσθένει</span> <span class='ocrx_word' id='word_1_28' title='bbox 726 394 789 433; x_wconf 86' lang='grc' dir='ltr'>καὶ</span> <span class='ocrx_word' id='word_1_29' title='bbox 819 394 839 432; x_wconf 91' lang='grc' dir='ltr'>ὁ</span> <span class='ocrx_word' id='word_1_30' title='bbox 868 397 1040 446; x_wconf 78' lang='grc' dir='ltr'>χορηγὸς</span> <span class='ocrx_word' id='word_1_31' title='bbox 1068 395 1264 445; x_wconf 72' lang='grc' dir='ltr'>ὑβρίζετο,</span> <span class='ocrx_word' id='word_1_32' title='bbox 1296 397 1408 433; x_wconf 84' lang='grc' dir='ltr'>τοῦτο</span> <span class='ocrx_word' id='word_1_33' title='bbox 1438 393 1470 433; x_wconf 87' lang='grc' dir='ltr'>δ’</span> <span class='ocrx_word' id='word_1_34' title='bbox 1495 394 1582 433; x_wconf 85' lang='grc' dir='ltr'>ἐστὶ</span> 
     </span>
     <span class='ocr_line' id='line_1_9' title="bbox 257 460 1582 511; baseline 0 -12"><span class='ocrx_word' id='word_1_35' title='bbox 257 462 325 509; x_wconf 86' lang='grc' dir='ltr'>τῆς</span> <span class='ocrx_word' id='word_1_36' title='bbox 362 460 527 504; x_wconf 85' lang='grc' dir='ltr'>πόλεως,</span> <span class='ocrx_word' id='word_1_37' title='bbox 564 460 626 499; x_wconf 90' lang='grc' dir='ltr'>καὶ</span> <span class='ocrx_word' id='word_1_38' title='bbox 661 463 704 499; x_wconf 86' lang='grc' dir='ltr'>τὸ</span> <span class='ocrx_word' id='word_1_39' title='bbox 739 460 897 501; x_wconf 84' lang='grc' dir='ltr'>ταύταις</span> <span class='ocrx_word' id='word_1_40' title='bbox 933 464 1018 501; x_wconf 88' lang='grc' dir='ltr'>ταῖς</span> <span class='ocrx_word' id='word_1_41' title='bbox 1054 460 1226 511; x_wconf 83' lang='grc' dir='ltr'>ἡμέραις,</span> <span class='ocrx_word' id='word_1_42' title='bbox 1262 461 1322 501; x_wconf 81' lang='grc' dir='ltr'>αἶς</span> <span class='ocrx_word' id='word_1_43' title='bbox 1359 460 1426 499; x_wconf 83' lang='grc' dir='ltr'>οὐκ</span> <span class='ocrx_word' id='word_1_44' title='bbox 1463 462 1582 500; x_wconf 83' lang='grc' dir='ltr'>ἐῶσιν</span> 
     </span>
     <span class='ocr_line' id='line_1_10' title="bbox 258 526 1619 578; baseline 0 -12"><span class='ocrx_word' id='word_1_45' title='bbox 258 528 293 566; x_wconf 86' lang='grc' dir='ltr'>οἱ</span> <span class='ocrx_word' id='word_1_46' title='bbox 327 527 450 576; x_wconf 86' lang='grc' dir='ltr'>νόμοι.</span> <span class='ocrx_word' id='word_1_47' title='bbox 522 526 597 578; x_wconf 75' lang='grc' dir='ltr'>χρὴ</span> <span class='ocrx_word' id='word_1_48' title='bbox 631 526 677 571; x_wconf 75' lang='grc' dir='ltr'>δ’,</span> <span class='ocrx_word' id='word_1_49' title='bbox 713 527 808 566; x_wconf 86' lang='grc' dir='ltr'>ὅταν</span> <span class='ocrx_word' id='word_1_50' title='bbox 840 528 913 575; x_wconf 79' lang='grc' dir='ltr'>μὲν</span> <span class='ocrx_word' id='word_1_51' title='bbox 946 528 1110 575; x_wconf 81' lang='grc' dir='ltr'>τιθῆσθε</span> <span class='ocrx_word' id='word_1_52' title='bbox 1142 527 1232 567; x_wconf 80' lang='grc' dir='ltr'>τοὺς</span> <span class='ocrx_word' id='word_1_53' title='bbox 1265 528 1420 577; x_wconf 85' lang='grc' dir='ltr'>νόμους,</span> <span class='ocrx_word' id='word_1_54' title='bbox 1455 527 1619 575; x_wconf 69' lang='grc' dir='ltr'>ὁποῖοίῑῚ</span> 
     </span>
     <span class='ocr_line' id='line_1_11' title="bbox 257 592 1579 645; baseline 0.001 -14"><span class='ocrx_word' id='word_1_55' title='bbox 257 592 360 634; x_wconf 86' lang='grc' dir='ltr'>τινές</span> <span class='ocrx_word' id='word_1_56' title='bbox 390 594 470 632; x_wconf 82' lang='grc' dir='ltr'>εἰσι</span> <span class='ocrx_word' id='word_1_57' title='bbox 504 596 681 637; x_wconf 77' lang='grc' dir='ltr'>σκοπεῖν,</span> <span class='ocrx_word' id='word_1_58' title='bbox 714 594 873 632; x_wconf 83' lang='grc' dir='ltr'>ἐπειδὰν</span> <span class='ocrx_word' id='word_1_59' title='bbox 903 595 943 633; x_wconf 78' lang='grc' dir='ltr'>δὲ</span> <span class='ocrx_word' id='word_1_60' title='bbox 977 595 1112 642; x_wconf 82' lang='grc' dir='ltr'>θῆσθε,</span> <span class='ocrx_word' id='word_1_61' title='bbox 1144 593 1360 644; x_wconf 79' lang='grc' dir='ltr'>φυλάττειν</span> <span class='ocrx_word' id='word_1_62' title='bbox 1391 593 1453 632; x_wconf 79' lang='grc' dir='ltr'>καὶ</span> <span class='ocrx_word' id='word_1_63' title='bbox 1482 595 1579 645; x_wconf 85' lang='grc' dir='ltr'>χρῆ-</span> 
     </span>
     <span class='ocr_line' id='line_1_12' title="bbox 260 659 1581 710; baseline 0 -12"><span class='ocrx_word' id='word_1_64' title='bbox 260 662 366 698; x_wconf 89' lang='grc' dir='ltr'>σθαι·</span> <span class='ocrx_word' id='word_1_65' title='bbox 406 660 468 698; x_wconf 82' lang='grc' dir='ltr'>καὶ</span> <span class='ocrx_word' id='word_1_66' title='bbox 500 661 575 710; x_wconf 77' lang='grc' dir='ltr'>γὰρ</span> <span class='ocrx_word' id='word_1_67' title='bbox 608 659 748 710; x_wconf 82' lang='grc' dir='ltr'>εὔορκα</span> <span class='ocrx_word' id='word_1_68' title='bbox 784 659 890 698; x_wconf 79' lang='grc' dir='ltr'>ταῦθ’</span> <span class='ocrx_word' id='word_1_69' title='bbox 923 660 1014 710; x_wconf 81' lang='grc' dir='ltr'>ὑμῖν</span> <span class='ocrx_word' id='word_1_70' title='bbox 1047 661 1134 699; x_wconf 89' lang='grc' dir='ltr'>ἐστι</span> <span class='ocrx_word' id='word_1_71' title='bbox 1173 660 1235 698; x_wconf 79' lang='grc' dir='ltr'>καὶ</span> <span class='ocrx_word' id='word_1_72' title='bbox 1271 659 1404 700; x_wconf 85' lang='grc' dir='ltr'>ἄλλως</span> <span class='ocrx_word' id='word_1_73' title='bbox 1441 660 1581 699; x_wconf 82' lang='grc' dir='ltr'>δίκαια.</span> 
     </span>
     <span class='ocr_line' id='line_1_13' title="bbox 261 724 1584 776; baseline 0.001 -12"><span class='ocrx_word' id='word_1_74' title='bbox 261 725 305 774; x_wconf 84' lang='grc' dir='ltr'>ἦν</span> <span class='ocrx_word' id='word_1_75' title='bbox 331 726 351 764; x_wconf 87' lang='grc' dir='ltr'>ὁ</span> <span class='ocrx_word' id='word_1_76' title='bbox 375 727 443 775; x_wconf 88' lang='grc' dir='ltr'>τῆς</span> <span class='ocrx_word' id='word_1_77' title='bbox 473 725 636 776; x_wconf 82' lang='grc' dir='ltr'>βλάβης</span> <span class='ocrx_word' id='word_1_78' title='bbox 666 727 755 775; x_wconf 88' lang='grc' dir='ltr'>ὑμῖν</span> <span class='ocrx_word' id='word_1_79' title='bbox 780 726 898 775; x_wconf 81' lang='grc' dir='ltr'>νόμος</span> <span class='ocrx_word' id='word_1_80' title='bbox 928 725 1063 771; x_wconf 81' lang='grc' dir='ltr'>πάλαι,</span> <span class='ocrx_word' id='word_1_81' title='bbox 1091 724 1138 775; x_wconf 75' lang='grc' dir='ltr'>ἦν</span> <span class='ocrx_word' id='word_1_82' title='bbox 1163 726 1183 764; x_wconf 93' lang='grc' dir='ltr'>ὁ</span> <span class='ocrx_word' id='word_1_83' title='bbox 1207 728 1276 775; x_wconf 89' lang='grc' dir='ltr'>τῆς</span> <span class='ocrx_word' id='word_1_84' title='bbox 1305 727 1463 770; x_wconf 76' lang='grc' dir='ltr'>αἰκείας,</span> <span class='ocrx_word' id='word_1_85' title='bbox 1492 725 1538 775; x_wconf 86' lang='grc' dir='ltr'>ἦν</span> <span class='ocrx_word' id='word_1_86' title='bbox 1565 727 1584 765; x_wconf 86' lang='grc' dir='ltr'><strong><em>ὁ</em></strong></span> 
     </span>
     <span class='ocr_line' id='line_1_14' title="bbox 258 792 1585 844; baseline 0.001 -14"><span class='ocrx_word' id='word_1_87' title='bbox 258 794 327 842; x_wconf 89' lang='grc' dir='ltr'>τῆς</span> <span class='ocrx_word' id='word_1_88' title='bbox 365 793 530 844; x_wconf 84' lang='grc' dir='ltr'>ὕβρεως.</span> <span class='ocrx_word' id='word_1_89' title='bbox 601 794 634 832; x_wconf 85' lang='grc' dir='ltr'>εἰ</span> <span class='ocrx_word' id='word_1_90' title='bbox 672 793 803 832; x_wconf 90' lang='grc' dir='ltr'>τοίνυν</span> <span class='ocrx_word' id='word_1_91' title='bbox 842 792 996 844; x_wconf 80' lang='grc' dir='ltr'>ἀπέχρη</span> <span class='ocrx_word' id='word_1_92' title='bbox 1035 792 1124 833; x_wconf 77' lang='grc' dir='ltr'>τοὺς</span> <span class='ocrx_word' id='word_1_93' title='bbox 1163 795 1243 833; x_wconf 84' lang='grc' dir='ltr'>τοῖς</span> <span class='ocrx_word' id='word_1_94' title='bbox 1284 794 1511 833; x_wconf 83' lang='grc' dir='ltr'>Διονυσίοις</span> <span class='ocrx_word' id='word_1_95' title='bbox 1547 809 1585 831; x_wconf 90' lang='grc' dir='ltr'>τι</span> 
     </span>
     <span class='ocr_line' id='line_1_15' title="bbox 260 859 1646 909; baseline -0.002 -11"><span class='ocrx_word' id='word_1_96' title='bbox 260 862 465 900; x_wconf 79' lang='grc' dir='ltr'>ποιοῦντας</span> <span class='ocrx_word' id='word_1_97' title='bbox 495 859 643 898; x_wconf 85' lang='grc' dir='ltr'>τούτων</span> <span class='ocrx_word' id='word_1_98' title='bbox 674 861 769 898; x_wconf 77' lang='grc' dir='ltr'>κατὰ</span> <span class='ocrx_word' id='word_1_99' title='bbox 800 859 959 900; x_wconf 88' lang='grc' dir='ltr'>τούτους</span> <span class='ocrx_word' id='word_1_100' title='bbox 988 859 1077 900; x_wconf 73' lang='grc' dir='ltr'>τοὺς</span> <span class='ocrx_word' id='word_1_101' title='bbox 1111 860 1251 909; x_wconf 88' lang='grc' dir='ltr'>νόμους</span> <span class='ocrx_word' id='word_1_102' title='bbox 1279 859 1390 908; x_wconf 85' lang='grc' dir='ltr'>δίκην</span> <span class='ocrx_word' id='word_1_103' title='bbox 1420 859 1582 904; x_wconf 77' lang='grc' dir='ltr'>διδόναι,</span> <span class='ocrx_word' id='word_1_104' title='bbox 1608 874 1646 895; x_wconf 84' lang='lat'>10</span> 
     </span>
     <span class='ocr_line' id='line_1_16' title="bbox 260 924 1583 977; baseline -0.001 -12"><span class='ocrx_word' id='word_1_105' title='bbox 260 926 373 965; x_wconf 77' lang='grc' dir='ltr'>οὐδὲν</span> <span class='ocrx_word' id='word_1_106' title='bbox 410 925 457 965; x_wconf 79' lang='grc' dir='ltr'>ἂν</span> <span class='ocrx_word' id='word_1_107' title='bbox 496 924 682 976; x_wconf 79' lang='grc' dir='ltr'>προσέδει</span> <span class='ocrx_word' id='word_1_108' title='bbox 720 928 831 965; x_wconf 70' lang='grc' dir='ltr'>τοῦδε</span> <span class='ocrx_word' id='word_1_109' title='bbox 870 929 937 965; x_wconf 81' lang='grc' dir='ltr'>τοῦ</span> <span class='ocrx_word' id='word_1_110' title='bbox 976 926 1109 975; x_wconf 85' lang='grc' dir='ltr'>νόμου.</span> <span class='ocrx_word' id='word_1_111' title='bbox 1180 924 1272 964; x_wconf 78' lang='grc' dir='ltr'>ἀλλ’</span> <span class='ocrx_word' id='word_1_112' title='bbox 1308 925 1377 964; x_wconf 82' lang='grc' dir='ltr'>οὐκ</span> <span class='ocrx_word' id='word_1_113' title='bbox 1414 924 1583 977; x_wconf 83' lang='grc' dir='ltr'>ἀπέχρη.</span> 
     </span>
     <span class='ocr_line' id='line_1_17' title="bbox 261 991 1586 1046; baseline 0.002 -15"><span class='ocrx_word' id='word_1_114' title='bbox 261 996 428 1041; x_wconf 84' lang='grc' dir='ltr'>σημεῖον</span> <span class='ocrx_word' id='word_1_115' title='bbox 470 992 523 1032; x_wconf 87' lang='grc' dir='ltr'>δέ·</span> <span class='ocrx_word' id='word_1_116' title='bbox 574 991 705 1031; x_wconf 77' lang='grc' dir='ltr'>ἔθεσθ’</span> <span class='ocrx_word' id='word_1_117' title='bbox 744 992 847 1043; x_wconf 77' lang='grc' dir='ltr'>ἱερὸν</span> <span class='ocrx_word' id='word_1_118' title='bbox 885 992 1007 1042; x_wconf 88' lang='grc' dir='ltr'>νόμον</span> <span class='ocrx_word' id='word_1_119' title='bbox 1046 992 1148 1046; x_wconf 77' lang='grc' dir='ltr'>αὐτῷ</span> <span class='ocrx_word' id='word_1_120' title='bbox 1187 995 1239 1045; x_wconf 81' lang='grc' dir='ltr'>τῷ</span> <span class='ocrx_word' id='word_1_121' title='bbox 1279 994 1353 1045; x_wconf 78' lang='grc' dir='ltr'>θεῷ</span> <span class='ocrx_word' id='word_1_122' title='bbox 1393 993 1481 1043; x_wconf 86' lang='grc' dir='ltr'>περὶ</span> <span class='ocrx_word' id='word_1_123' title='bbox 1517 993 1586 1040; x_wconf 76' lang='grc' dir='ltr'>τῆς</span> 
     </span>
     <span class='ocr_line' id='line_1_18' title="bbox 262 1057 1586 1110; baseline 0 -12"><span class='ocrx_word' id='word_1_124' title='bbox 262 1060 496 1110; x_wconf 81' lang='grc' dir='ltr'>ἱερομηνίας.</span> <span class='ocrx_word' id='word_1_125' title='bbox 568 1060 682 1099; x_wconf 83' lang='grc' dir='ltr'>εἴτις</span> <span class='ocrx_word' id='word_1_126' title='bbox 708 1059 774 1098; x_wconf 71' lang='grc' dir='ltr'>οὖν</span> <span class='ocrx_word' id='word_1_127' title='bbox 801 1059 991 1100; x_wconf 76' lang='grc' dir='ltr'>κάκείνοις</span> <span class='ocrx_word' id='word_1_128' title='bbox 1017 1062 1097 1100; x_wconf 81' lang='grc' dir='ltr'>τοῖς</span> <span class='ocrx_word' id='word_1_129' title='bbox 1122 1057 1422 1110; x_wconf 77' lang='grc' dir='ltr'>προϋπάρχουσι</span> <span class='ocrx_word' id='word_1_130' title='bbox 1453 1059 1586 1108; x_wconf 85' lang='grc' dir='ltr'>νόμοις</span> 
     </span>
     <span class='ocr_line' id='line_1_19' title="bbox 263 1125 1586 1179; baseline 0.002 -15"><span class='ocrx_word' id='word_1_131' title='bbox 263 1125 323 1164; x_wconf 84' lang='grc' dir='ltr'>καὶ</span> <span class='ocrx_word' id='word_1_132' title='bbox 352 1126 474 1179; x_wconf 78' lang='grc' dir='ltr'>τούτῳ</span> <span class='ocrx_word' id='word_1_133' title='bbox 506 1129 558 1178; x_wconf 76' lang='grc' dir='ltr'>τῷ</span> <span class='ocrx_word' id='word_1_134' title='bbox 592 1125 675 1174; x_wconf 87' lang='grc' dir='ltr'>μετ’</span> <span class='ocrx_word' id='word_1_135' title='bbox 707 1127 878 1167; x_wconf 83' lang='grc' dir='ltr'>ἐκείνους</span> <span class='ocrx_word' id='word_1_136' title='bbox 909 1125 1059 1166; x_wconf 83' lang='grc' dir='ltr'>τεθέντι</span> <span class='ocrx_word' id='word_1_137' title='bbox 1094 1126 1156 1164; x_wconf 86' lang='grc' dir='ltr'>καὶ</span> <span class='ocrx_word' id='word_1_138' title='bbox 1185 1128 1284 1165; x_wconf 73' lang='grc' dir='ltr'>πᾶσι</span> <span class='ocrx_word' id='word_1_139' title='bbox 1316 1128 1397 1166; x_wconf 87' lang='grc' dir='ltr'>τοῖς</span> <span class='ocrx_word' id='word_1_140' title='bbox 1428 1128 1586 1166; x_wconf 77' lang='grc' dir='ltr'>λοιποῖς</span> 
     </span>
     <span class='ocr_line' id='line_1_20' title="bbox 261 1188 1645 1246; baseline -0.002 -15"><span class='ocrx_word' id='word_1_141' title='bbox 261 1191 344 1231; x_wconf 83' lang='grc' dir='ltr'>ἔστ’</span> <span class='ocrx_word' id='word_1_142' title='bbox 378 1192 529 1244; x_wconf 85' lang='grc' dir='ltr'>ἔνοχος,</span> <span class='ocrx_word' id='word_1_143' title='bbox 562 1193 582 1230; x_wconf 91' lang='grc' dir='ltr'>ὁ</span> <span class='ocrx_word' id='word_1_144' title='bbox 615 1195 790 1233; x_wconf 89' lang='grc' dir='ltr'>τοιοῦτος</span> <span class='ocrx_word' id='word_1_145' title='bbox 823 1193 971 1242; x_wconf 82' lang='grc' dir='ltr'>πότερα</span> <span class='ocrx_word' id='word_1_146' title='bbox 1003 1191 1054 1242; x_wconf 75' lang='grc' dir='ltr'>μὴ</span> <span class='ocrx_word' id='word_1_147' title='bbox 1088 1195 1140 1246; x_wconf 77' lang='grc' dir='ltr'>δῷ</span> <span class='ocrx_word' id='word_1_148' title='bbox 1175 1193 1236 1232; x_wconf 79' lang='grc' dir='ltr'>διὰ</span> <span class='ocrx_word' id='word_1_149' title='bbox 1268 1195 1382 1231; x_wconf 81' lang='grc' dir='ltr'>τοῦτο</span> <span class='ocrx_word' id='word_1_150' title='bbox 1419 1193 1530 1241; x_wconf 87' lang='grc' dir='ltr'>δίκην</span> <span class='ocrx_word' id='word_1_151' title='bbox 1563 1188 1585 1240; x_wconf 78' lang='grc' dir='ltr'>ἢ</span> <span class='ocrx_word' id='word_1_152' title='bbox 1613 1207 1645 1238; x_wconf 76' lang='lat'>¹5</span> 
     </span>
     <span class='ocr_line' id='line_1_21' title="bbox 260 1256 1350 1310; baseline 0 -13"><span class='ocrx_word' id='word_1_153' title='bbox 260 1256 369 1309; x_wconf 65' lang='grc' dir='ltr'>(κᾶν)</span> <span class='ocrx_word' id='word_1_154' title='bbox 393 1259 510 1308; x_wconf 73' lang='grc' dir='ltr'>μείζω</span> <span class='ocrx_word' id='word_1_155' title='bbox 537 1259 620 1307; x_wconf 88' lang='grc' dir='ltr'>δοίη</span> <span class='ocrx_word' id='word_1_156' title='bbox 648 1260 823 1303; x_wconf 85' lang='grc' dir='ltr'>δικαίως,·</span> <span class='ocrx_word' id='word_1_157' title='bbox 864 1260 940 1310; x_wconf 86' lang='grc' dir='ltr'>ἐγὼ</span> <span class='ocrx_word' id='word_1_158' title='bbox 965 1261 1037 1309; x_wconf 83' lang='grc' dir='ltr'>μὲν</span> <span class='ocrx_word' id='word_1_159' title='bbox 1062 1260 1193 1308; x_wconf 84' lang='grc' dir='ltr'>οἴομαι</span> <span class='ocrx_word' id='word_1_160' title='bbox 1219 1259 1350 1309; x_wconf 76' lang='grc' dir='ltr'>μείζω.</span> 
     </span>
    </p>

    <p class='ocr_par' dir='ltr' id='par_1_7' title="bbox 262 1323 1649 2177">
     <span class='ocr_line' id='line_1_22' title="bbox 328 1323 1586 1376; baseline -0.001 -12"><span class='ocrx_word' id='word_1_161' title='bbox 328 1325 583 1376; x_wconf 84' lang='grc' dir='ltr'>Ἀπήγγελλε</span> <span class='ocrx_word' id='word_1_162' title='bbox 607 1326 739 1364; x_wconf 86' lang='grc' dir='ltr'>τοίνυν</span> <span class='ocrx_word' id='word_1_163' title='bbox 758 1326 816 1366; x_wconf 82' lang='grc' dir='ltr'>τίς</span> <span class='ocrx_word' id='word_1_164' title='bbox 841 1343 907 1375; x_wconf 89' lang='grc' dir='ltr'>μοι</span> <span class='ocrx_word' id='word_1_165' title='bbox 933 1325 1118 1376; x_wconf 81' lang='grc' dir='ltr'>περιιόντ’</span> <span class='ocrx_word' id='word_1_166' title='bbox 1140 1325 1258 1365; x_wconf 83' lang='grc' dir='ltr'>αὐτὸν</span> <span class='ocrx_word' id='word_1_167' title='bbox 1285 1324 1498 1376; x_wconf 86' lang='grc' dir='ltr'>συλλέγειν</span> <span class='ocrx_word' id='word_1_168' title='bbox 1525 1323 1586 1363; x_wconf 86' lang='grc' dir='ltr'>καὶ</span> 
     </span>
     <span class='ocr_line' id='line_1_23' title="bbox 262 1391 1588 1443; baseline 0 -12"><span class='ocrx_word' id='word_1_169' title='bbox 262 1391 531 1432; x_wconf 81' lang='grc' dir='ltr'>πυνθάνεσθαι</span> <span class='ocrx_word' id='word_1_170' title='bbox 546 1392 627 1431; x_wconf 88' lang='grc' dir='ltr'>τίσι</span> <span class='ocrx_word' id='word_1_171' title='bbox 645 1392 801 1432; x_wconf 82' lang='grc' dir='ltr'>πώποτε</span> <span class='ocrx_word' id='word_1_172' title='bbox 823 1392 1084 1442; x_wconf 71' lang='grc' dir='ltr'>συμβέβηκεν</span> <span class='ocrx_word' id='word_1_173' title='bbox 1099 1393 1352 1443; x_wconf 70' lang='grc' dir='ltr'>ὑβρισθῆναι,</span> <span class='ocrx_word' id='word_1_174' title='bbox 1373 1392 1434 1431; x_wconf 83' lang='grc' dir='ltr'>καὶ</span> <span class='ocrx_word' id='word_1_175' title='bbox 1453 1391 1588 1442; x_wconf 83' lang='grc' dir='ltr'>λέγειν</span> 
     </span>
     <span class='ocr_line' id='line_1_24' title="bbox 262 1457 1587 1510; baseline 0.001 -13"><span class='ocrx_word' id='word_1_176' title='bbox 262 1459 421 1500; x_wconf 85' lang='grc' dir='ltr'>τούτους</span> <span class='ocrx_word' id='word_1_177' title='bbox 453 1459 515 1498; x_wconf 85' lang='grc' dir='ltr'>καὶ</span> <span class='ocrx_word' id='word_1_178' title='bbox 545 1461 768 1510; x_wconf 80' lang='grc' dir='ltr'>διηγεῖσθαι</span> <span class='ocrx_word' id='word_1_179' title='bbox 800 1462 894 1509; x_wconf 76' lang='grc' dir='ltr'>πρὸς</span> <span class='ocrx_word' id='word_1_180' title='bbox 922 1460 1020 1509; x_wconf 77' lang='grc' dir='ltr'>ὑμᾶς</span> <span class='ocrx_word' id='word_1_181' title='bbox 1049 1458 1226 1509; x_wconf 81' lang='grc' dir='ltr'>μέλλειν,</span> <span class='ocrx_word' id='word_1_182' title='bbox 1258 1460 1355 1504; x_wconf 75' lang='grc' dir='ltr'>οἷον,</span> <span class='ocrx_word' id='word_1_183' title='bbox 1388 1457 1416 1497; x_wconf 73' lang='grc' dir='ltr'>ὦ</span> <span class='ocrx_word' id='word_1_184' title='bbox 1451 1458 1587 1508; x_wconf 80' lang='grc' dir='ltr'>ἄνδρες</span> 
     </span>
     <span class='ocr_line' id='line_1_25' title="bbox 263 1525 1649 1576; baseline -0.001 -12"><span class='ocrx_word' id='word_1_185' title='bbox 263 1526 478 1575; x_wconf 80' lang='grc' dir='ltr'>Ἀθηναῖοι,</span> <span class='ocrx_word' id='word_1_186' title='bbox 505 1525 574 1565; x_wconf 85' lang='grc' dir='ltr'>τὸν</span> <span class='ocrx_word' id='word_1_187' title='bbox 603 1526 794 1576; x_wconf 88' lang='grc' dir='ltr'>πρόεδρον</span> <span class='ocrx_word' id='word_1_188' title='bbox 820 1527 865 1565; x_wconf 86' lang='grc' dir='ltr'>ὅν</span> <span class='ocrx_word' id='word_1_189' title='bbox 891 1525 986 1565; x_wconf 86' lang='grc' dir='ltr'>ποτέ</span> <span class='ocrx_word' id='word_1_190' title='bbox 1012 1531 1138 1576; x_wconf 87' lang='grc' dir='ltr'>φασιν</span> <span class='ocrx_word' id='word_1_191' title='bbox 1164 1527 1205 1566; x_wconf 88' lang='grc' dir='ltr'>ἐν</span> <span class='ocrx_word' id='word_1_192' title='bbox 1233 1526 1324 1575; x_wconf 84' lang='grc' dir='ltr'>ὑμῖν</span> <span class='ocrx_word' id='word_1_193' title='bbox 1353 1526 1427 1564; x_wconf 85' lang='grc' dir='ltr'>ὑπὸ</span> <span class='ocrx_word' id='word_1_194' title='bbox 1455 1527 1588 1564; x_wconf 86' lang='grc' dir='ltr'>Πολυ-</span> <span class='ocrx_word' id='word_1_195' title='bbox 1613 1541 1649 1562; x_wconf 81' lang='lat'>20</span> 
     </span>
     <span class='ocr_line' id='line_1_26' title="bbox 264 1589 1587 1644; baseline -0.002 -12"><span class='ocrx_word' id='word_1_196' title='bbox 264 1591 381 1641; x_wconf 74' lang='grc' dir='ltr'>ζήλου</span> <span class='ocrx_word' id='word_1_197' title='bbox 416 1594 629 1643; x_wconf 87' lang='grc' dir='ltr'>πληγῆναι,</span> <span class='ocrx_word' id='word_1_198' title='bbox 666 1592 727 1631; x_wconf 82' lang='grc' dir='ltr'>καὶ</span> <span class='ocrx_word' id='word_1_199' title='bbox 763 1592 832 1631; x_wconf 81' lang='grc' dir='ltr'>τὸν</span> <span class='ocrx_word' id='word_1_200' title='bbox 869 1592 1112 1642; x_wconf 86' lang='grc' dir='ltr'>θεσμοθέτην</span> <span class='ocrx_word' id='word_1_201' title='bbox 1148 1592 1191 1633; x_wconf 82' lang='grc' dir='ltr'>ὃς</span> <span class='ocrx_word' id='word_1_202' title='bbox 1227 1592 1397 1644; x_wconf 85' lang='grc' dir='ltr'>ἔναγχος</span> <span class='ocrx_word' id='word_1_203' title='bbox 1434 1589 1587 1642; x_wconf 86' lang='grc' dir='ltr'>ἐπλήγη</span> 
     </span>
     <span class='ocr_line' id='line_1_27' title="bbox 262 1657 1589 1710; baseline -0.002 -12"><span class='ocrx_word' id='word_1_204' title='bbox 262 1659 332 1708; x_wconf 76' lang='grc' dir='ltr'>τὴν</span> <span class='ocrx_word' id='word_1_205' title='bbox 367 1658 565 1709; x_wconf 82' lang='grc' dir='ltr'>αὐλητρίδ’</span> <span class='ocrx_word' id='word_1_206' title='bbox 601 1658 904 1710; x_wconf 86' lang='grc' dir='ltr'>ἀφαιρούμενος,</span> <span class='ocrx_word' id='word_1_207' title='bbox 940 1660 1003 1698; x_wconf 85' lang='grc' dir='ltr'>καὶ</span> <span class='ocrx_word' id='word_1_208' title='bbox 1037 1659 1236 1700; x_wconf 73' lang='grc' dir='ltr'>τοιούτους</span> <span class='ocrx_word' id='word_1_209' title='bbox 1269 1658 1389 1704; x_wconf 83' lang='grc' dir='ltr'>τινάς,</span> <span class='ocrx_word' id='word_1_210' title='bbox 1426 1657 1488 1703; x_wconf 82' lang='grc' dir='ltr'>ὡς,</span> <span class='ocrx_word' id='word_1_211' title='bbox 1521 1658 1589 1697; x_wconf 80' lang='grc' dir='ltr'>ἐὰν</span> 
     </span>
     <span class='ocr_line' id='line_1_28' title="bbox 264 1723 1587 1779; baseline -0.002 -14"><span class='ocrx_word' id='word_1_212' title='bbox 264 1726 439 1767; x_wconf 86' lang='grc' dir='ltr'>πολλοὺς</span> <span class='ocrx_word' id='word_1_213' title='bbox 482 1725 636 1776; x_wconf 81' lang='grc' dir='ltr'>ἑτέρους</span> <span class='ocrx_word' id='word_1_214' title='bbox 678 1727 783 1765; x_wconf 80' lang='grc' dir='ltr'>δεινὰ</span> <span class='ocrx_word' id='word_1_215' title='bbox 832 1727 895 1765; x_wconf 86' lang='grc' dir='ltr'>καὶ</span> <span class='ocrx_word' id='word_1_216' title='bbox 938 1728 1072 1766; x_wconf 81' lang='grc' dir='ltr'>πολλὰ</span> <span class='ocrx_word' id='word_1_217' title='bbox 1113 1726 1359 1766; x_wconf 86' lang='grc' dir='ltr'>πεπονθότας</span> <span class='ocrx_word' id='word_1_218' title='bbox 1401 1723 1587 1779; x_wconf 77' lang='grc' dir='ltr'>ἐπιδείξῃ,</span> 
     </span>
     <span class='ocr_line' id='line_1_29' title="bbox 266 1790 1590 1844; baseline -0.002 -13"><span class='ocrx_word' id='word_1_219' title='bbox 266 1792 382 1842; x_wconf 83' lang='grc' dir='ltr'>ἧττον</span> <span class='ocrx_word' id='word_1_220' title='bbox 411 1793 509 1842; x_wconf 77' lang='grc' dir='ltr'>ὑμᾶς</span> <span class='ocrx_word' id='word_1_221' title='bbox 539 1792 604 1844; x_wconf 79' lang='grc' dir='ltr'>ἐφ’</span> <span class='ocrx_word' id='word_1_222' title='bbox 630 1793 686 1834; x_wconf 75' lang='grc' dir='ltr'>οἷς</span> <span class='ocrx_word' id='word_1_223' title='bbox 715 1792 793 1843; x_wconf 89' lang='grc' dir='ltr'>ἐγὼ</span> <span class='ocrx_word' id='word_1_224' title='bbox 822 1791 985 1832; x_wconf 79' lang='grc' dir='ltr'>πέπονθ’</span> <span class='ocrx_word' id='word_1_225' title='bbox 1015 1791 1304 1844; x_wconf 83' lang='grc' dir='ltr'>ὀργιουμένους.</span> <span class='ocrx_word' id='word_1_226' title='bbox 1373 1792 1458 1841; x_wconf 85' lang='grc' dir='ltr'>ἐμοὶ</span> <span class='ocrx_word' id='word_1_227' title='bbox 1486 1790 1518 1830; x_wconf 84' lang='grc' dir='ltr'>δ’</span> <span class='ocrx_word' id='word_1_228' title='bbox 1543 1790 1590 1830; x_wconf 72' lang='grc' dir='ltr'>αὖ</span> 
     </span>
     <span class='ocr_line' id='line_1_30' title="bbox 264 1857 1649 1910; baseline -0.003 -12"><span class='ocrx_word' id='word_1_229' title='bbox 264 1859 504 1904; x_wconf 86' lang='grc' dir='ltr'>τούναντίον,</span> <span class='ocrx_word' id='word_1_230' title='bbox 531 1857 560 1898; x_wconf 72' lang='grc' dir='ltr'><em>ὦ</em></span> <span class='ocrx_word' id='word_1_231' title='bbox 590 1858 728 1910; x_wconf 83' lang='grc' dir='ltr'>ἄνδρες</span> <span class='ocrx_word' id='word_1_232' title='bbox 753 1858 967 1908; x_wconf 82' lang='grc' dir='ltr'>Ἀθηναῖοι,</span> <span class='ocrx_word' id='word_1_233' title='bbox 1001 1862 1150 1899; x_wconf 86' lang='grc' dir='ltr'>δοκεῖτε</span> <span class='ocrx_word' id='word_1_234' title='bbox 1183 1862 1311 1898; x_wconf 83' lang='grc' dir='ltr'>ποιεῖν</span> <span class='ocrx_word' id='word_1_235' title='bbox 1338 1857 1387 1898; x_wconf 77' lang='grc' dir='ltr'>ἂν</span> <span class='ocrx_word' id='word_1_236' title='bbox 1416 1858 1588 1902; x_wconf 84' lang='grc' dir='ltr'>εἰκότως,</span> <span class='ocrx_word' id='word_1_237' title='bbox 1614 1874 1649 1904; x_wconf 73' lang='lat'>25</span> 
     </span>
     <span class='ocr_line' id='line_1_31' title="bbox 265 1925 1589 1981; baseline -0.002 -15"><span class='ocrx_word' id='word_1_238' title='bbox 265 1927 373 1977; x_wconf 83' lang='grc' dir='ltr'>εἴπερ</span> <span class='ocrx_word' id='word_1_239' title='bbox 398 1927 494 1977; x_wconf 81' lang='grc' dir='ltr'>ὑπὲρ</span> <span class='ocrx_word' id='word_1_240' title='bbox 520 1929 589 1964; x_wconf 84' lang='grc' dir='ltr'>τοῦ</span> <span class='ocrx_word' id='word_1_241' title='bbox 621 1931 729 1981; x_wconf 80' lang='grc' dir='ltr'>κοινῇ</span> <span class='ocrx_word' id='word_1_242' title='bbox 761 1926 979 1975; x_wconf 85' lang='grc' dir='ltr'>βελτίστου</span> <span class='ocrx_word' id='word_1_243' title='bbox 1008 1928 1068 1965; x_wconf 84' lang='grc' dir='ltr'>δεῖ</span> <span class='ocrx_word' id='word_1_244' title='bbox 1095 1925 1232 1975; x_wconf 89' lang='grc' dir='ltr'>μέλειν</span> <span class='ocrx_word' id='word_1_245' title='bbox 1261 1925 1364 1975; x_wconf 81' lang='grc' dir='ltr'>ὑμῖν.</span> <span class='ocrx_word' id='word_1_246' title='bbox 1433 1925 1491 1964; x_wconf 90' lang='grc' dir='ltr'>τίς</span> <span class='ocrx_word' id='word_1_247' title='bbox 1516 1925 1589 1975; x_wconf 77' lang='grc' dir='ltr'>γὰρ</span> 
     </span>
     <span class='ocr_line' id='line_1_32' title="bbox 264 1989 1589 2043; baseline -0.002 -11"><span class='ocrx_word' id='word_1_248' title='bbox 264 1992 331 2032; x_wconf 81' lang='grc' dir='ltr'>οὐκ</span> <span class='ocrx_word' id='word_1_249' title='bbox 368 1992 473 2032; x_wconf 78' lang='grc' dir='ltr'>οἶδεν</span> <span class='ocrx_word' id='word_1_250' title='bbox 508 1993 616 2042; x_wconf 86' lang='grc' dir='ltr'>ὑμῶν</span> <span class='ocrx_word' id='word_1_251' title='bbox 651 1995 718 2031; x_wconf 82' lang='grc' dir='ltr'>τοῦ</span> <span class='ocrx_word' id='word_1_252' title='bbox 753 1994 825 2042; x_wconf 82' lang='grc' dir='ltr'>μὲν</span> <span class='ocrx_word' id='word_1_253' title='bbox 858 1994 992 2032; x_wconf 78' lang='grc' dir='ltr'>πολλὰ</span> <span class='ocrx_word' id='word_1_254' title='bbox 1024 1995 1183 2032; x_wconf 81' lang='grc' dir='ltr'>τοιαῦτα</span> <span class='ocrx_word' id='word_1_255' title='bbox 1216 1993 1424 2043; x_wconf 88' lang='grc' dir='ltr'>γίγνεσθαι</span> <span class='ocrx_word' id='word_1_256' title='bbox 1459 1990 1503 2030; x_wconf 85' lang='grc' dir='ltr'>τὸ</span> <span class='ocrx_word' id='word_1_257' title='bbox 1537 1989 1589 2040; x_wconf 75' lang='grc' dir='ltr'>μὴ</span> 
     </span>
     <span class='ocr_line' id='line_1_33' title="bbox 265 2056 1585 2110; baseline -0.002 -12"><span class='ocrx_word' id='word_1_258' title='bbox 265 2058 502 2108; x_wconf 75' lang='grc' dir='ltr'>κολάζεσθαι</span> <span class='ocrx_word' id='word_1_259' title='bbox 533 2058 622 2100; x_wconf 82' lang='grc' dir='ltr'>τοὺς</span> <span class='ocrx_word' id='word_1_260' title='bbox 655 2057 995 2110; x_wconf 82' lang='grc' dir='ltr'>ἐξαμαρτάνοντας</span> <span class='ocrx_word' id='word_1_261' title='bbox 1028 2060 1154 2098; x_wconf 85' lang='grc' dir='ltr'>αἴτιον</span> <span class='ocrx_word' id='word_1_262' title='bbox 1187 2060 1245 2103; x_wconf 84' lang='grc' dir='ltr'>ὄν,</span> <span class='ocrx_word' id='word_1_263' title='bbox 1280 2061 1349 2097; x_wconf 78' lang='grc' dir='ltr'>τοῦ</span> <span class='ocrx_word' id='word_1_264' title='bbox 1383 2060 1423 2097; x_wconf 81' lang='grc' dir='ltr'>δὲ</span> <span class='ocrx_word' id='word_1_265' title='bbox 1456 2056 1585 2107; x_wconf 80' lang='grc' dir='ltr'>μηδέν’</span> 
     </span>
     <span class='ocr_line' id='line_1_34' title="bbox 263 2121 1589 2177; baseline -0.003 -12"><span class='ocrx_word' id='word_1_266' title='bbox 263 2126 438 2177; x_wconf 75' lang='grc' dir='ltr'>ὑβρίζειν</span> <span class='ocrx_word' id='word_1_267' title='bbox 467 2129 510 2165; x_wconf 80' lang='grc' dir='ltr'>τὸ</span> <span class='ocrx_word' id='word_1_268' title='bbox 541 2125 683 2165; x_wconf 87' lang='grc' dir='ltr'>λοιπὸν</span> <span class='ocrx_word' id='word_1_269' title='bbox 712 2125 757 2165; x_wconf 82' lang='grc' dir='ltr'>τὸ</span> <span class='ocrx_word' id='word_1_270' title='bbox 787 2125 898 2175; x_wconf 85' lang='grc' dir='ltr'>δίκην</span> <span class='ocrx_word' id='word_1_271' title='bbox 923 2125 991 2165; x_wconf 84' lang='grc' dir='ltr'>τὸν</span> <span class='ocrx_word' id='word_1_272' title='bbox 1016 2126 1077 2166; x_wconf 80' lang='grc' dir='ltr'>ἀεὶ</span> <span class='ocrx_word' id='word_1_273' title='bbox 1106 2124 1300 2176; x_wconf 85' lang='grc' dir='ltr'>ληφθένθ’</span> <span class='ocrx_word' id='word_1_274' title='bbox 1326 2123 1373 2173; x_wconf 77' lang='grc' dir='ltr'>ἣν</span> <span class='ocrx_word' id='word_1_275' title='bbox 1399 2121 1589 2174; x_wconf 81' lang='grc' dir='ltr'>προσήκει</span> 
     </span>
    </p>

    <p class='ocr_par' dir='ltr' id='par_1_8' title="bbox 262 2233 1590 2363">
     <span class='ocr_line' id='line_1_35' title="bbox 307 2233 1590 2276; baseline -0.002 -10"><span class='ocrx_word' id='word_1_276' title='bbox 307 2246 324 2272; x_wconf 87' lang='lat'><strong>4</strong></span> <span class='ocrx_word' id='word_1_277' title='bbox 358 2235 457 2273; x_wconf 75' lang='grc' dir='ltr'>ὄνομα</span> <span class='ocrx_word' id='word_1_278' title='bbox 481 2241 555 2274; x_wconf 69' lang='lat' dir='ltr'>post</span> <span class='ocrx_word' id='word_1_279' title='bbox 580 2236 704 2268; x_wconf 84' lang='grc' dir='ltr'>πόλεως</span> <span class='ocrx_word' id='word_1_280' title='bbox 729 2236 803 2267; x_wconf 88' lang='lat' dir='ltr'>add.</span> <span class='ocrx_word' id='word_1_281' title='bbox 829 2235 918 2272; x_wconf 66' lang='lat' dir='ltr'>vulg.</span> <span class='ocrx_word' id='word_1_282' title='bbox 947 2235 970 2265; x_wconf 79' lang='lat' dir='ltr'>S</span> <span class='ocrx_word' id='word_1_283' title='bbox 995 2245 1066 2276; x_wconf 74' lang='grc' dir='ltr'>Ὑρ.ε</span> <span class='ocrx_word' id='word_1_284' title='bbox 1105 2245 1169 2265; x_wconf 88' lang='lat' dir='ltr'>om.</span> <span class='ocrx_word' id='word_1_285' title='bbox 1199 2233 1306 2264; x_wconf 70' lang='grc' dir='ltr'>ΞΥΟ</span> <span class='ocrx_word' id='word_1_286' title='bbox 1324 2233 1347 2263; x_wconf 81' lang='grc' dir='ltr'>Ρ</span> <span class='ocrx_word' id='word_1_287' title='bbox 1477 2233 1526 2263; x_wconf 79' lang='grc' dir='ltr'>καὶ</span> <span class='ocrx_word' id='word_1_288' title='bbox 1551 2233 1590 2263; x_wconf 74' lang='grc' dir='ltr'>τὸ</span> 
     </span>
     <span class='ocr_line' id='line_1_36' title="bbox 262 2275 1589 2311; baseline -0.003 -2"><span class='ocrx_word' id='word_1_289' title='bbox 262 2279 393 2310; x_wconf 83' lang='grc' dir='ltr'>ταύταις</span> <span class='ocrx_word' id='word_1_290' title='bbox 434 2278 494 2309; x_wconf 68' lang='lat' dir='ltr'>Sl:</span> <span class='ocrx_word' id='word_1_291' title='bbox 535 2280 637 2311; x_wconf 79' lang='grc' dir='ltr'>καίτοι</span> <span class='ocrx_word' id='word_1_292' title='bbox 678 2280 810 2311; x_wconf 79' lang='grc' dir='ltr'>ταύταις</span> <span class='ocrx_word' id='word_1_293' title='bbox 850 2279 910 2309; x_wconf 82' lang='lat' dir='ltr'>FS</span> <span class='ocrx_word' id='word_1_294' title='bbox 947 2289 1057 2309; x_wconf 61' lang='lat' dir='ltr'>corn:</span> <span class='ocrx_word' id='word_1_295' title='bbox 1097 2281 1148 2310; x_wconf 82' lang='grc' dir='ltr'>καὶ</span> <span class='ocrx_word' id='word_1_296' title='bbox 1188 2276 1279 2309; x_wconf 80' lang='grc' dir='ltr'>ταῦτ’</span> <span class='ocrx_word' id='word_1_297' title='bbox 1311 2278 1420 2308; x_wconf 76' lang='grc' dir='ltr'>αὐταῖς</span> <span class='ocrx_word' id='word_1_298' title='bbox 1462 2275 1589 2306; x_wconf 81' lang='lat' dir='ltr'>Reiske</span> 
     </span>
     <span class='ocr_line' id='line_1_37' title="bbox 264 2319 1586 2363; baseline 0 -11"><span class='ocrx_word' id='word_1_299' title='bbox 264 2331 281 2359; x_wconf 91' lang='lat'>7</span> <span class='ocrx_word' id='word_1_300' title='bbox 307 2324 420 2362; x_wconf 79' lang='grc' dir='ltr'>εὔορκα</span> <span class='ocrx_word' id='word_1_301' title='bbox 444 2322 467 2352; x_wconf 77' lang='lat' dir='ltr'>S</span> <span class='ocrx_word' id='word_1_302' title='bbox 485 2322 541 2353; x_wconf 70' lang='lat' dir='ltr'>F¹z</span> <span class='ocrx_word' id='word_1_303' title='bbox 574 2323 687 2363; x_wconf 77' lang='grc' dir='ltr'>ἔνορκοι</span> <span class='ocrx_word' id='word_1_304' title='bbox 710 2322 778 2352; x_wconf 81' lang='lat' dir='ltr'>AF</span> <span class='ocrx_word' id='word_1_305' title='bbox 804 2332 889 2353; x_wconf 82' lang='lat' dir='ltr'>corr.</span> <span class='ocrx_word' id='word_1_306' title='bbox 1039 2324 1059 2352; x_wconf 88' lang='lat'>8</span> <span class='ocrx_word' id='word_1_307' title='bbox 1083 2322 1203 2353; x_wconf 79' lang='grc' dir='ltr'>αἰκείας</span> <span class='ocrx_word' id='word_1_308' title='bbox 1229 2320 1264 2350; x_wconf 83' lang='lat' dir='ltr'>S¹</span> <span class='ocrx_word' id='word_1_309' title='bbox 1285 2332 1290 2350; x_wconf 94' lang='lat'>:</span> <span class='ocrx_word' id='word_1_310' title='bbox 1323 2320 1425 2351; x_wconf 63' lang='grc' dir='ltr'>αἰκίας</span> <span class='ocrx_word' id='word_1_311' title='bbox 1451 2319 1474 2349; x_wconf 86' lang='lat' dir='ltr'>S</span> <span class='ocrx_word' id='word_1_312' title='bbox 1500 2327 1586 2348; x_wconf 74' lang='lat' dir='ltr'>Corr-</span> 
     </span>
    </p>
   </div>
   <div class='ocr_carea' id='block_1_7' title="bbox 262 2362 1587 2450">
    <p class='ocr_par' dir='ltr' id='par_1_9' title="bbox 262 2362 1587 2450">
     <span class='ocr_line' id='line_1_38' title="bbox 262 2362 1587 2404; baseline -0.003 -10"><span class='ocrx_word' id='word_1_313' title='bbox 262 2365 349 2403; x_wconf 81' lang='lat' dir='ltr'>vulg.</span> <span class='ocrx_word' id='word_1_314' title='bbox 504 2367 541 2395; x_wconf 85' lang='lat'>16</span> <span class='ocrx_word' id='word_1_315' title='bbox 565 2367 623 2397; x_wconf 82' lang='grc' dir='ltr'>κᾶν</span> <span class='ocrx_word' id='word_1_316' title='bbox 639 2366 713 2396; x_wconf 86' lang='lat' dir='ltr'>add.</span> <span class='ocrx_word' id='word_1_317' title='bbox 734 2365 896 2396; x_wconf 81' lang='lat' dir='ltr'>Schaefer</span> <span class='ocrx_word' id='word_1_318' title='bbox 1038 2376 1078 2403; x_wconf 76' lang='lat'>24</span> <span class='ocrx_word' id='word_1_319' title='bbox 1103 2365 1156 2404; x_wconf 66' lang='grc' dir='ltr'>αὖἾ,</span> <span class='ocrx_word' id='word_1_320' title='bbox 1177 2365 1254 2396; x_wconf 74' lang='grc' dir='ltr'>αὐτὸ</span> <span class='ocrx_word' id='word_1_321' title='bbox 1274 2363 1370 2394; x_wconf 81' lang='lat' dir='ltr'>Blass</span> <span class='ocrx_word' id='word_1_322' title='bbox 1388 2362 1462 2393; x_wconf 92' lang='lat' dir='ltr'>coll.</span> <span class='ocrx_word' id='word_1_323' title='bbox 1484 2365 1499 2399; x_wconf 83' lang='lat'>§</span> <span class='ocrx_word' id='word_1_324' title='bbox 1519 2371 1587 2395; x_wconf 76' lang='lat'>120,</span> 
     </span>
     <span class='ocr_line' id='line_1_39' title="bbox 262 2407 1191 2450; baseline 0 -12"><span class='ocrx_word' id='word_1_325' title='bbox 262 2409 332 2438; x_wconf 83' lang='lat' dir='ltr'>xxii</span> <span class='ocrx_word' id='word_1_326' title='bbox 350 2418 368 2447; x_wconf 84' lang='lat'><strong>5</strong></span> <span class='ocrx_word' id='word_1_327' title='bbox 504 2410 546 2439; x_wconf 87' lang='grc'>26</span> <span class='ocrx_word' id='word_1_328' title='bbox 570 2414 657 2447; x_wconf 73' lang='grc' dir='ltr'>εἴπερ</span> <span class='ocrx_word' id='word_1_329' title='bbox 675 2408 751 2450; x_wconf 71' lang='grc' dir='ltr'>ὑπὲρ</span> <span class='ocrx_word' id='word_1_330' title='bbox 768 2409 798 2438; x_wconf 87' lang='grc' dir='ltr'>Α</span> <span class='ocrx_word' id='word_1_331' title='bbox 813 2409 845 2447; x_wconf 75' lang='lat' dir='ltr'>F,</span> <span class='ocrx_word' id='word_1_332' title='bbox 868 2408 909 2439; x_wconf 87' lang='lat' dir='ltr'>cf.</span> <span class='ocrx_word' id='word_1_333' title='bbox 928 2408 935 2438; x_wconf 82' lang='lat' dir='ltr'>i</span> <span class='ocrx_word' id='word_1_334' title='bbox 953 2419 992 2439; x_wconf 88' lang='lat'>2:</span> <span class='ocrx_word' id='word_1_335' title='bbox 1019 2411 1107 2449; x_wconf 75' lang='grc' dir='ltr'>εἴπερ</span> <span class='ocrx_word' id='word_1_336' title='bbox 1126 2408 1148 2437; x_wconf 75' lang='lat' dir='ltr'>S</span> <span class='ocrx_word' id='word_1_337' title='bbox 1162 2407 1191 2438; x_wconf 84' lang='lat' dir='ltr'>Y</span> 
     </span>
    </p>
   </div>
  </div>
 </body>
</html>
